[gd_scene load_steps=11 format=2]

[ext_resource path="res://addons/TileSetCutter/tilesetcutter.gd" type="Script" id=1]
[ext_resource path="res://addons/TileSetCutter/icon.png" type="Texture" id=2]
[ext_resource path="res://assets/tilemaps/mainatlas.png" type="Texture" id=3]

[sub_resource type="CircleShape2D" id=1]

custom_solver_bias = 0.0
radius = 10.0

[sub_resource type="RectangleShape2D" id=2]

custom_solver_bias = 0.0
extents = Vector2( 12.6209, 10 )

[sub_resource type="CircleShape2D" id=3]

custom_solver_bias = 0.0
radius = 9.11258

[sub_resource type="CircleShape2D" id=4]

custom_solver_bias = 0.0
radius = 10.0

[sub_resource type="CircleShape2D" id=5]

custom_solver_bias = 0.0
radius = 10.0

[sub_resource type="CircleShape2D" id=6]

custom_solver_bias = 0.0
radius = 10.0287

[sub_resource type="CircleShape2D" id=7]

custom_solver_bias = 0.0
radius = 10.0

[node name="TileSetCutter" type="Node2D"]

script = ExtResource( 1 )
__meta__ = {
"_editor_icon": ExtResource( 2 )
}
ForceUpdate = null
PadZeroes = null
GenerateAllPalettes = null
TileSize = Vector2( 16, 16 )
Separation = Vector2( 0, 0 )
TextureToCut = ExtResource( 3 )

[node name="Grass" type="Sprite" parent="." index="0"]

texture = ExtResource( 3 )
region_enabled = true
region_rect = Rect2( 0, 0, 16, 16 )

[node name="MainTowerLeftTop" type="Sprite" parent="." index="1"]

position = Vector2( 352, 0 )
texture = ExtResource( 3 )
region_enabled = true
region_rect = Rect2( 352, 0, 16, 16 )

[node name="MainTowerCenterTop" type="Sprite" parent="." index="2"]

position = Vector2( 368, 0 )
texture = ExtResource( 3 )
region_enabled = true
region_rect = Rect2( 368, 0, 16, 16 )

[node name="MainTowerRightTop" type="Sprite" parent="." index="3"]

position = Vector2( 384, 0 )
texture = ExtResource( 3 )
region_enabled = true
region_rect = Rect2( 384, 0, 16, 16 )

[node name="30" type="Sprite" parent="." index="4"]

position = Vector2( 480, 0 )
texture = ExtResource( 3 )
region_enabled = true
region_rect = Rect2( 480, 0, 16, 16 )

[node name="CrateConnector" type="Sprite" parent="." index="5"]

position = Vector2( 496, 0 )
texture = ExtResource( 3 )
region_enabled = true
region_rect = Rect2( 496, 0, 16, 16 )

[node name="Worek" type="Sprite" parent="." index="6"]

position = Vector2( 512, 0 )
texture = ExtResource( 3 )
region_enabled = true
region_rect = Rect2( 512, 0, 16, 16 )

[node name="BenchTop" type="Sprite" parent="." index="7"]

position = Vector2( 528, 0 )
texture = ExtResource( 3 )
region_enabled = true
region_rect = Rect2( 528, 0, 16, 16 )

[node name="BenchConnector" type="Sprite" parent="." index="8"]

position = Vector2( 544, 0 )
texture = ExtResource( 3 )
region_enabled = true
region_rect = Rect2( 544, 0, 16, 16 )

[node name="RocksLeftTop" type="Sprite" parent="." index="9"]

position = Vector2( 64, 16 )
texture = ExtResource( 3 )
region_enabled = true
region_rect = Rect2( 64, 16, 16, 16 )

[node name="RocksRightTop" type="Sprite" parent="." index="10"]

position = Vector2( 80, 16 )
texture = ExtResource( 3 )
region_enabled = true
region_rect = Rect2( 80, 16, 16, 16 )

[node name="MainTowerLeftCenter" type="Sprite" parent="." index="11"]

position = Vector2( 352, 16 )
texture = ExtResource( 3 )
region_enabled = true
region_rect = Rect2( 352, 16, 16, 16 )

[node name="MainTowerCenterCenter" type="Sprite" parent="." index="12"]

position = Vector2( 368, 16 )
texture = ExtResource( 3 )
region_enabled = true
region_rect = Rect2( 368, 16, 16, 16 )

[node name="MainTowerRightCenter" type="Sprite" parent="." index="13"]

position = Vector2( 384, 16 )
texture = ExtResource( 3 )
region_enabled = true
region_rect = Rect2( 384, 16, 16, 16 )

[node name="CrateBottom" type="Sprite" parent="." index="14"]

position = Vector2( 480, 16 )
texture = ExtResource( 3 )
region_enabled = true
region_rect = Rect2( 480, 16, 16, 16 )

[node name="CrateWithGrass" type="Sprite" parent="." index="15"]

position = Vector2( 496, 16 )
texture = ExtResource( 3 )
region_enabled = true
region_rect = Rect2( 496, 16, 16, 16 )

[node name="BenchBottom" type="Sprite" parent="." index="16"]

position = Vector2( 528, 16 )
texture = ExtResource( 3 )
region_enabled = true
region_rect = Rect2( 528, 16, 16, 16 )

[node name="BenchWithGrass" type="Sprite" parent="." index="17"]

position = Vector2( 544, 16 )
texture = ExtResource( 3 )
region_enabled = true
region_rect = Rect2( 544, 16, 16, 16 )

[node name="RocksLeftBottom" type="Sprite" parent="." index="18"]

position = Vector2( 64, 32 )
texture = ExtResource( 3 )
region_enabled = true
region_rect = Rect2( 64, 32, 16, 16 )

[node name="RocksRightBottom" type="Sprite" parent="." index="19"]

position = Vector2( 80, 32 )
texture = ExtResource( 3 )
region_enabled = true
region_rect = Rect2( 80, 32, 16, 16 )

[node name="StaticBody2D" type="StaticBody2D" parent="RocksRightBottom" index="0"]

input_pickable = false
collision_layer = 1
collision_mask = 1
constant_linear_velocity = Vector2( 0, 0 )
constant_angular_velocity = 0.0
friction = 1.0
bounce = 0.0

[node name="CollisionShape2D" type="CollisionShape2D" parent="RocksRightBottom/StaticBody2D" index="0"]

position = Vector2( -7.33333, -3.74282 )
scale = Vector2( 1.33333, 1.02153 )
shape = SubResource( 1 )

[node name="MainTowerLeftBottom" type="Sprite" parent="." index="20"]

position = Vector2( 352, 32 )
texture = ExtResource( 3 )
region_enabled = true
region_rect = Rect2( 352, 32, 16, 16 )

[node name="MainTowerCenterBottom" type="Sprite" parent="." index="21"]

position = Vector2( 368, 32 )
texture = ExtResource( 3 )
region_enabled = true
region_rect = Rect2( 368, 32, 16, 16 )

[node name="MainTowerRightBottom" type="Sprite" parent="." index="22"]

position = Vector2( 384, 32 )
texture = ExtResource( 3 )
region_enabled = true
region_rect = Rect2( 384, 32, 16, 16 )

[node name="MuryWay" type="Sprite" parent="." index="23"]

position = Vector2( 480, 32 )
texture = ExtResource( 3 )
region_enabled = true
region_rect = Rect2( 480, 32, 16, 16 )

[node name="CrateStack" type="Sprite" parent="." index="24"]

position = Vector2( 496, 32 )
texture = ExtResource( 3 )
region_enabled = true
region_rect = Rect2( 496, 32, 16, 16 )

[node name="GrassWRLT" type="Sprite" parent="." index="25"]

position = Vector2( 0, 48 )
texture = ExtResource( 3 )
region_enabled = true
region_rect = Rect2( 0, 48, 16, 16 )

[node name="GrassWRCT" type="Sprite" parent="." index="26"]

position = Vector2( 16, 48 )
texture = ExtResource( 3 )
region_enabled = true
region_rect = Rect2( 16, 48, 16, 16 )

[node name="GrassWRRT" type="Sprite" parent="." index="27"]

position = Vector2( 32, 48 )
texture = ExtResource( 3 )
region_enabled = true
region_rect = Rect2( 32, 48, 16, 16 )

[node name="MainTowerFLT" type="Sprite" parent="." index="28"]

position = Vector2( 352, 48 )
texture = ExtResource( 3 )
region_enabled = true
region_rect = Rect2( 352, 48, 16, 16 )

[node name="MainTowerFCT" type="Sprite" parent="." index="29"]

position = Vector2( 368, 48 )
texture = ExtResource( 3 )
region_enabled = true
region_rect = Rect2( 368, 48, 16, 16 )

[node name="MainTowerFRT" type="Sprite" parent="." index="30"]

position = Vector2( 384, 48 )
texture = ExtResource( 3 )
region_enabled = true
region_rect = Rect2( 384, 48, 16, 16 )

[node name="MuryWay2" type="Sprite" parent="." index="31"]

position = Vector2( 480, 48 )
texture = ExtResource( 3 )
region_enabled = true
region_rect = Rect2( 480, 48, 16, 16 )

[node name="WycieteLT" type="Sprite" parent="." index="32"]

position = Vector2( 496, 48 )
texture = ExtResource( 3 )
region_enabled = true
region_rect = Rect2( 496, 48, 16, 16 )

[node name="WycieteRt" type="Sprite" parent="." index="33"]

position = Vector2( 512, 48 )
texture = ExtResource( 3 )
region_enabled = true
region_rect = Rect2( 512, 48, 16, 16 )

[node name="GrassWRLC" type="Sprite" parent="." index="34"]

position = Vector2( 0, 64 )
texture = ExtResource( 3 )
region_enabled = true
region_rect = Rect2( 0, 64, 16, 16 )

[node name="GrassWRCC" type="Sprite" parent="." index="35"]

position = Vector2( 16, 64 )
texture = ExtResource( 3 )
region_enabled = true
region_rect = Rect2( 16, 64, 16, 16 )

[node name="GrassWRRC" type="Sprite" parent="." index="36"]

position = Vector2( 32, 64 )
texture = ExtResource( 3 )
region_enabled = true
region_rect = Rect2( 32, 64, 16, 16 )

[node name="244" type="Sprite" parent="." index="37"]

position = Vector2( 336, 64 )
texture = ExtResource( 3 )
region_enabled = true
region_rect = Rect2( 336, 64, 16, 16 )

[node name="MainTowerFLC" type="Sprite" parent="." index="38"]

position = Vector2( 352, 64 )
texture = ExtResource( 3 )
region_enabled = true
region_rect = Rect2( 352, 64, 16, 16 )

[node name="MainTowerFCC" type="Sprite" parent="." index="39"]

position = Vector2( 368, 64 )
texture = ExtResource( 3 )
region_enabled = true
region_rect = Rect2( 368, 64, 16, 16 )

[node name="MainTowerFRC" type="Sprite" parent="." index="40"]

position = Vector2( 384, 64 )
texture = ExtResource( 3 )
region_enabled = true
region_rect = Rect2( 384, 64, 16, 16 )

[node name="MainTowerShadowTR" type="Sprite" parent="." index="41"]

position = Vector2( 400, 64 )
texture = ExtResource( 3 )
region_enabled = true
region_rect = Rect2( 400, 64, 16, 16 )

[node name="WycieteLB" type="Sprite" parent="." index="42"]

position = Vector2( 496, 64 )
texture = ExtResource( 3 )
region_enabled = true
region_rect = Rect2( 496, 64, 16, 16 )

[node name="WycieteRB" type="Sprite" parent="." index="43"]

position = Vector2( 512, 64 )
texture = ExtResource( 3 )
region_enabled = true
region_rect = Rect2( 512, 64, 16, 16 )

[node name="GrassWRLB" type="Sprite" parent="." index="44"]

position = Vector2( 0, 80 )
texture = ExtResource( 3 )
region_enabled = true
region_rect = Rect2( 0, 80, 16, 16 )

[node name="GrassWRCB" type="Sprite" parent="." index="45"]

position = Vector2( 16, 80 )
texture = ExtResource( 3 )
region_enabled = true
region_rect = Rect2( 16, 80, 16, 16 )

[node name="GrassWRRB" type="Sprite" parent="." index="46"]

position = Vector2( 32, 80 )
texture = ExtResource( 3 )
region_enabled = true
region_rect = Rect2( 32, 80, 16, 16 )

[node name="KlodaL" type="Sprite" parent="." index="47"]

position = Vector2( 48, 80 )
texture = ExtResource( 3 )
region_enabled = true
region_rect = Rect2( 48, 80, 16, 16 )

[node name="StaticBody2D" type="StaticBody2D" parent="KlodaL" index="0"]

input_pickable = false
collision_layer = 1
collision_mask = 1
constant_linear_velocity = Vector2( 0, 0 )
constant_angular_velocity = 0.0
friction = 1.0
bounce = 0.0

[node name="CollisionShape2D" type="CollisionShape2D" parent="KlodaL/StaticBody2D" index="0"]

position = Vector2( 1.51143, -0.0549316 )
scale = Vector2( 0.701024, 0.733885 )
shape = SubResource( 2 )

[node name="KlodaC" type="Sprite" parent="." index="48"]

position = Vector2( 64, 80 )
texture = ExtResource( 3 )
region_enabled = true
region_rect = Rect2( 64, 80, 16, 16 )

[node name="StaticBody2D2" type="StaticBody2D" parent="KlodaC" index="0"]

position = Vector2( -16, 0 )
input_pickable = false
collision_layer = 1
collision_mask = 1
constant_linear_velocity = Vector2( 0, 0 )
constant_angular_velocity = 0.0
friction = 1.0
bounce = 0.0

[node name="CollisionShape2D" type="CollisionShape2D" parent="KlodaC/StaticBody2D2" index="0"]

position = Vector2( 16.0015, 0.0610504 )
scale = Vector2( 0.641134, 0.733885 )
shape = SubResource( 2 )

[node name="KlodaR" type="Sprite" parent="." index="49"]

position = Vector2( 80, 80 )
texture = ExtResource( 3 )
region_enabled = true
region_rect = Rect2( 80, 80, 16, 16 )

[node name="StaticBody2D3" type="StaticBody2D" parent="KlodaR" index="0"]

position = Vector2( -32, 0 )
input_pickable = false
collision_layer = 1
collision_mask = 1
constant_linear_velocity = Vector2( 0, 0 )
constant_angular_velocity = 0.0
friction = 1.0
bounce = 0.0

[node name="CollisionShape2D" type="CollisionShape2D" parent="KlodaR/StaticBody2D3" index="0"]

position = Vector2( 30.6732, 0.177032 )
scale = Vector2( 0.548324, 0.733885 )
shape = SubResource( 2 )

[node name="Rock1" type="Sprite" parent="." index="50"]

position = Vector2( 96, 80 )
texture = ExtResource( 3 )
region_enabled = true
region_rect = Rect2( 96, 80, 16, 16 )

[node name="StaticBody2D" type="StaticBody2D" parent="Rock1" index="0"]

input_pickable = false
collision_layer = 1
collision_mask = 1
constant_linear_velocity = Vector2( 0, 0 )
constant_angular_velocity = 0.0
friction = 1.0
bounce = 0.0

[node name="CollisionShape2D" type="CollisionShape2D" parent="Rock1/StaticBody2D" index="0"]

position = Vector2( 0.736938, 0.75251 )
scale = Vector2( 0.624612, 0.402284 )
shape = SubResource( 3 )

[node name="Rock" type="Sprite" parent="." index="51"]

position = Vector2( 112, 80 )
texture = ExtResource( 3 )
region_enabled = true
region_rect = Rect2( 112, 80, 16, 16 )

[node name="StaticBody2D" type="StaticBody2D" parent="Rock" index="0"]

position = Vector2( -0.153893, 1.53889 )
input_pickable = false
collision_layer = 1
collision_mask = 1
constant_linear_velocity = Vector2( 0, 0 )
constant_angular_velocity = 0.0
friction = 1.0
bounce = 0.0

[node name="CollisionShape2D" type="CollisionShape2D" parent="Rock/StaticBody2D" index="0"]

position = Vector2( -0.0238606, -2.16085 )
scale = Vector2( 0.755493, 0.691728 )
shape = SubResource( 4 )

[node name="Rock2" type="Sprite" parent="." index="52"]

position = Vector2( 128, 80 )
texture = ExtResource( 3 )
region_enabled = true
region_rect = Rect2( 128, 80, 16, 16 )

[node name="StaticBody2D" type="StaticBody2D" parent="Rock2" index="0"]

input_pickable = false
collision_layer = 1
collision_mask = 1
constant_linear_velocity = Vector2( 0, 0 )
constant_angular_velocity = 0.0
friction = 1.0
bounce = 0.0

[node name="CollisionShape2D" type="CollisionShape2D" parent="Rock2/StaticBody2D" index="0"]

position = Vector2( 0.00418091, 1.04335 )
scale = Vector2( 0.718506, 0.587784 )
shape = SubResource( 5 )

[node name="Rock3" type="Sprite" parent="." index="53"]

position = Vector2( 144, 80 )
texture = ExtResource( 3 )
region_enabled = true
region_rect = Rect2( 144, 80, 16, 16 )

[node name="StaticBody2D" type="StaticBody2D" parent="Rock3" index="0"]

input_pickable = false
collision_layer = 1
collision_mask = 1
constant_linear_velocity = Vector2( 0, 0 )
constant_angular_velocity = 0.0
friction = 1.0
bounce = 0.0

[node name="CollisionShape2D" type="CollisionShape2D" parent="Rock3/StaticBody2D" index="0"]

position = Vector2( -0.0503863, 0.660355 )
scale = Vector2( 0.666027, 0.575714 )
shape = SubResource( 6 )

[node name="Rock4" type="Sprite" parent="." index="54"]

position = Vector2( 160, 80 )
texture = ExtResource( 3 )
region_enabled = true
region_rect = Rect2( 160, 80, 16, 16 )

[node name="StaticBody2D" type="StaticBody2D" parent="Rock4" index="0"]

input_pickable = false
collision_layer = 1
collision_mask = 1
constant_linear_velocity = Vector2( 0, 0 )
constant_angular_velocity = 0.0
friction = 1.0
bounce = 0.0

[node name="CollisionShape2D" type="CollisionShape2D" parent="Rock4/StaticBody2D" index="0"]

position = Vector2( -0.0330735, 2.39558 )
scale = Vector2( 0.659278, 0.427403 )
shape = SubResource( 7 )

[node name="305" type="Sprite" parent="." index="55"]

position = Vector2( 336, 80 )
texture = ExtResource( 3 )
region_enabled = true
region_rect = Rect2( 336, 80, 16, 16 )

[node name="MainTowerFLB" type="Sprite" parent="." index="56"]

position = Vector2( 352, 80 )
texture = ExtResource( 3 )
region_enabled = true
region_rect = Rect2( 352, 80, 16, 16 )

[node name="MainTowerFCB" type="Sprite" parent="." index="57"]

position = Vector2( 368, 80 )
texture = ExtResource( 3 )
region_enabled = true
region_rect = Rect2( 368, 80, 16, 16 )

[node name="MainTowerFRB" type="Sprite" parent="." index="58"]

position = Vector2( 384, 80 )
texture = ExtResource( 3 )
region_enabled = true
region_rect = Rect2( 384, 80, 16, 16 )

[node name="MainTowerShadowRB" type="Sprite" parent="." index="59"]

position = Vector2( 400, 80 )
texture = ExtResource( 3 )
region_enabled = true
region_rect = Rect2( 400, 80, 16, 16 )

[node name="GWWLT" type="Sprite" parent="." index="60"]

position = Vector2( 32, 96 )
texture = ExtResource( 3 )
region_enabled = true
region_rect = Rect2( 32, 96, 16, 16 )

[node name="GWWCT" type="Sprite" parent="." index="61"]

position = Vector2( 48, 96 )
texture = ExtResource( 3 )
region_enabled = true
region_rect = Rect2( 48, 96, 16, 16 )

[node name="GWWRT" type="Sprite" parent="." index="62"]

position = Vector2( 64, 96 )
texture = ExtResource( 3 )
region_enabled = true
region_rect = Rect2( 64, 96, 16, 16 )

[node name="BridgeLT" type="Sprite" parent="." index="63"]

position = Vector2( 128, 96 )
texture = ExtResource( 3 )
region_enabled = true
region_rect = Rect2( 128, 96, 16, 16 )

[node name="BridgeCT" type="Sprite" parent="." index="64"]

position = Vector2( 144, 96 )
texture = ExtResource( 3 )
region_enabled = true
region_rect = Rect2( 144, 96, 16, 16 )

[node name="BridgeRT" type="Sprite" parent="." index="65"]

position = Vector2( 160, 96 )
texture = ExtResource( 3 )
region_enabled = true
region_rect = Rect2( 160, 96, 16, 16 )

[node name="366" type="Sprite" parent="." index="66"]

position = Vector2( 336, 96 )
texture = ExtResource( 3 )
region_enabled = true
region_rect = Rect2( 336, 96, 16, 16 )

[node name="MainTowerShadowLB" type="Sprite" parent="." index="67"]

position = Vector2( 352, 96 )
texture = ExtResource( 3 )
region_enabled = true
region_rect = Rect2( 352, 96, 16, 16 )

[node name="MainTowerShadowCB" type="Sprite" parent="." index="68"]

position = Vector2( 368, 96 )
texture = ExtResource( 3 )
region_enabled = true
region_rect = Rect2( 368, 96, 16, 16 )

[node name="MainTowerShadowRBB" type="Sprite" parent="." index="69"]

position = Vector2( 384, 96 )
texture = ExtResource( 3 )
region_enabled = true
region_rect = Rect2( 384, 96, 16, 16 )

[node name="MainTowerShadowRCorner" type="Sprite" parent="." index="70"]

position = Vector2( 400, 96 )
texture = ExtResource( 3 )
region_enabled = true
region_rect = Rect2( 400, 96, 16, 16 )

[node name="GWWLC" type="Sprite" parent="." index="71"]

position = Vector2( 32, 112 )
texture = ExtResource( 3 )
region_enabled = true
region_rect = Rect2( 32, 112, 16, 16 )

[node name="GWWCC" type="Sprite" parent="." index="72"]

position = Vector2( 48, 112 )
texture = ExtResource( 3 )
region_enabled = true
region_rect = Rect2( 48, 112, 16, 16 )

[node name="GWWRC" type="Sprite" parent="." index="73"]

position = Vector2( 64, 112 )
texture = ExtResource( 3 )
region_enabled = true
region_rect = Rect2( 64, 112, 16, 16 )

[node name="BridgeLC" type="Sprite" parent="." index="74"]

position = Vector2( 128, 112 )
texture = ExtResource( 3 )
region_enabled = true
region_rect = Rect2( 128, 112, 16, 16 )

[node name="BridgeCC" type="Sprite" parent="." index="75"]

position = Vector2( 144, 112 )
texture = ExtResource( 3 )
region_enabled = true
region_rect = Rect2( 144, 112, 16, 16 )

[node name="BridgeRC" type="Sprite" parent="." index="76"]

position = Vector2( 160, 112 )
texture = ExtResource( 3 )
region_enabled = true
region_rect = Rect2( 160, 112, 16, 16 )

[node name="GWWLB" type="Sprite" parent="." index="77"]

position = Vector2( 32, 128 )
texture = ExtResource( 3 )
region_enabled = true
region_rect = Rect2( 32, 128, 16, 16 )

[node name="GWWCB" type="Sprite" parent="." index="78"]

position = Vector2( 48, 128 )
texture = ExtResource( 3 )
region_enabled = true
region_rect = Rect2( 48, 128, 16, 16 )

[node name="GWWRB" type="Sprite" parent="." index="79"]

position = Vector2( 64, 128 )
texture = ExtResource( 3 )
region_enabled = true
region_rect = Rect2( 64, 128, 16, 16 )

[node name="BridgeLB" type="Sprite" parent="." index="80"]

position = Vector2( 128, 128 )
texture = ExtResource( 3 )
region_enabled = true
region_rect = Rect2( 128, 128, 16, 16 )

[node name="BridgeCB" type="Sprite" parent="." index="81"]

position = Vector2( 144, 128 )
texture = ExtResource( 3 )
region_enabled = true
region_rect = Rect2( 144, 128, 16, 16 )

[node name="BridgeRB" type="Sprite" parent="." index="82"]

position = Vector2( 160, 128 )
texture = ExtResource( 3 )
region_enabled = true
region_rect = Rect2( 160, 128, 16, 16 )

[node name="RTWGL" type="Sprite" parent="." index="83"]

position = Vector2( 496, 128 )
texture = ExtResource( 3 )
region_enabled = true
region_rect = Rect2( 496, 128, 16, 16 )

[node name="RTWGC" type="Sprite" parent="." index="84"]

position = Vector2( 512, 128 )
texture = ExtResource( 3 )
region_enabled = true
region_rect = Rect2( 512, 128, 16, 16 )

[node name="RTWGR" type="Sprite" parent="." index="85"]

position = Vector2( 528, 128 )
texture = ExtResource( 3 )
region_enabled = true
region_rect = Rect2( 528, 128, 16, 16 )

[node name="BigCrateLT" type="Sprite" parent="." index="86"]

position = Vector2( 560, 128 )
texture = ExtResource( 3 )
region_enabled = true
region_rect = Rect2( 560, 128, 16, 16 )

[node name="BigCrateRT" type="Sprite" parent="." index="87"]

position = Vector2( 576, 128 )
texture = ExtResource( 3 )
region_enabled = true
region_rect = Rect2( 576, 128, 16, 16 )

[node name="FS11" type="Sprite" parent="." index="88"]

position = Vector2( 352, 144 )
texture = ExtResource( 3 )
region_enabled = true
region_rect = Rect2( 352, 144, 16, 16 )

[node name="FS12" type="Sprite" parent="." index="89"]

position = Vector2( 368, 144 )
texture = ExtResource( 3 )
region_enabled = true
region_rect = Rect2( 368, 144, 16, 16 )

[node name="FS13" type="Sprite" parent="." index="90"]

position = Vector2( 384, 144 )
texture = ExtResource( 3 )
region_enabled = true
region_rect = Rect2( 384, 144, 16, 16 )

[node name="FS21" type="Sprite" parent="." index="91"]

position = Vector2( 400, 144 )
texture = ExtResource( 3 )
region_enabled = true
region_rect = Rect2( 400, 144, 16, 16 )

[node name="FS22" type="Sprite" parent="." index="92"]

position = Vector2( 416, 144 )
texture = ExtResource( 3 )
region_enabled = true
region_rect = Rect2( 416, 144, 16, 16 )

[node name="FS23" type="Sprite" parent="." index="93"]

position = Vector2( 432, 144 )
texture = ExtResource( 3 )
region_enabled = true
region_rect = Rect2( 432, 144, 16, 16 )

[node name="FS31" type="Sprite" parent="." index="94"]

position = Vector2( 448, 144 )
texture = ExtResource( 3 )
region_enabled = true
region_rect = Rect2( 448, 144, 16, 16 )

[node name="FS32" type="Sprite" parent="." index="95"]

position = Vector2( 464, 144 )
texture = ExtResource( 3 )
region_enabled = true
region_rect = Rect2( 464, 144, 16, 16 )

[node name="FS33" type="Sprite" parent="." index="96"]

position = Vector2( 480, 144 )
texture = ExtResource( 3 )
region_enabled = true
region_rect = Rect2( 480, 144, 16, 16 )

[node name="BigCrateLB" type="Sprite" parent="." index="97"]

position = Vector2( 560, 144 )
texture = ExtResource( 3 )
region_enabled = true
region_rect = Rect2( 560, 144, 16, 16 )

[node name="BigCrateRB" type="Sprite" parent="." index="98"]

position = Vector2( 576, 144 )
texture = ExtResource( 3 )
region_enabled = true
region_rect = Rect2( 576, 144, 16, 16 )

[node name="FS14" type="Sprite" parent="." index="99"]

position = Vector2( 352, 160 )
texture = ExtResource( 3 )
region_enabled = true
region_rect = Rect2( 352, 160, 16, 16 )

[node name="FS15" type="Sprite" parent="." index="100"]

position = Vector2( 368, 160 )
texture = ExtResource( 3 )
region_enabled = true
region_rect = Rect2( 368, 160, 16, 16 )

[node name="FS16" type="Sprite" parent="." index="101"]

position = Vector2( 384, 160 )
texture = ExtResource( 3 )
region_enabled = true
region_rect = Rect2( 384, 160, 16, 16 )

[node name="FS24" type="Sprite" parent="." index="102"]

position = Vector2( 400, 160 )
texture = ExtResource( 3 )
region_enabled = true
region_rect = Rect2( 400, 160, 16, 16 )

[node name="FS25" type="Sprite" parent="." index="103"]

position = Vector2( 416, 160 )
texture = ExtResource( 3 )
region_enabled = true
region_rect = Rect2( 416, 160, 16, 16 )

[node name="FS26" type="Sprite" parent="." index="104"]

position = Vector2( 432, 160 )
texture = ExtResource( 3 )
region_enabled = true
region_rect = Rect2( 432, 160, 16, 16 )

[node name="FS34" type="Sprite" parent="." index="105"]

position = Vector2( 448, 160 )
texture = ExtResource( 3 )
region_enabled = true
region_rect = Rect2( 448, 160, 16, 16 )

[node name="FS35" type="Sprite" parent="." index="106"]

position = Vector2( 464, 160 )
texture = ExtResource( 3 )
region_enabled = true
region_rect = Rect2( 464, 160, 16, 16 )

[node name="FS36" type="Sprite" parent="." index="107"]

position = Vector2( 480, 160 )
texture = ExtResource( 3 )
region_enabled = true
region_rect = Rect2( 480, 160, 16, 16 )

[node name="FS17" type="Sprite" parent="." index="108"]

position = Vector2( 352, 176 )
texture = ExtResource( 3 )
region_enabled = true
region_rect = Rect2( 352, 176, 16, 16 )

[node name="FS18" type="Sprite" parent="." index="109"]

position = Vector2( 368, 176 )
texture = ExtResource( 3 )
region_enabled = true
region_rect = Rect2( 368, 176, 16, 16 )

[node name="FS19" type="Sprite" parent="." index="110"]

position = Vector2( 384, 176 )
texture = ExtResource( 3 )
region_enabled = true
region_rect = Rect2( 384, 176, 16, 16 )

[node name="FS27" type="Sprite" parent="." index="111"]

position = Vector2( 400, 176 )
texture = ExtResource( 3 )
region_enabled = true
region_rect = Rect2( 400, 176, 16, 16 )

[node name="FS28" type="Sprite" parent="." index="112"]

position = Vector2( 416, 176 )
texture = ExtResource( 3 )
region_enabled = true
region_rect = Rect2( 416, 176, 16, 16 )

[node name="FS29" type="Sprite" parent="." index="113"]

position = Vector2( 432, 176 )
texture = ExtResource( 3 )
region_enabled = true
region_rect = Rect2( 432, 176, 16, 16 )

[node name="FS37" type="Sprite" parent="." index="114"]

position = Vector2( 448, 176 )
texture = ExtResource( 3 )
region_enabled = true
region_rect = Rect2( 448, 176, 16, 16 )

[node name="FS38" type="Sprite" parent="." index="115"]

position = Vector2( 464, 176 )
texture = ExtResource( 3 )
region_enabled = true
region_rect = Rect2( 464, 176, 16, 16 )

[node name="FS39" type="Sprite" parent="." index="116"]

position = Vector2( 480, 176 )
texture = ExtResource( 3 )
region_enabled = true
region_rect = Rect2( 480, 176, 16, 16 )

[node name="TreesLT" type="Sprite" parent="." index="117"]

position = Vector2( 16, 208 )
texture = ExtResource( 3 )
region_enabled = true
region_rect = Rect2( 16, 208, 16, 16 )

[node name="TreesCT" type="Sprite" parent="." index="118"]

position = Vector2( 32, 208 )
texture = ExtResource( 3 )
region_enabled = true
region_rect = Rect2( 32, 208, 16, 16 )

[node name="TreesRT" type="Sprite" parent="." index="119"]

position = Vector2( 48, 208 )
texture = ExtResource( 3 )
region_enabled = true
region_rect = Rect2( 48, 208, 16, 16 )

[node name="TreesConnector" type="Sprite" parent="." index="120"]

position = Vector2( 0, 224 )
texture = ExtResource( 3 )
region_enabled = true
region_rect = Rect2( 0, 224, 16, 16 )

[node name="TreesLC" type="Sprite" parent="." index="121"]

position = Vector2( 16, 224 )
texture = ExtResource( 3 )
region_enabled = true
region_rect = Rect2( 16, 224, 16, 16 )

[node name="TreesCC" type="Sprite" parent="." index="122"]

position = Vector2( 32, 224 )
texture = ExtResource( 3 )
region_enabled = true
region_rect = Rect2( 32, 224, 16, 16 )

[node name="TreesRC" type="Sprite" parent="." index="123"]

position = Vector2( 48, 224 )
texture = ExtResource( 3 )
region_enabled = true
region_rect = Rect2( 48, 224, 16, 16 )

[node name="TreesBottom" type="Sprite" parent="." index="124"]

position = Vector2( 0, 240 )
texture = ExtResource( 3 )
region_enabled = true
region_rect = Rect2( 0, 240, 16, 16 )

[node name="TreesLB" type="Sprite" parent="." index="125"]

position = Vector2( 16, 240 )
texture = ExtResource( 3 )
region_enabled = true
region_rect = Rect2( 16, 240, 16, 16 )

[node name="TreesCB" type="Sprite" parent="." index="126"]

position = Vector2( 32, 240 )
texture = ExtResource( 3 )
region_enabled = true
region_rect = Rect2( 32, 240, 16, 16 )

[node name="TreesRB" type="Sprite" parent="." index="127"]

position = Vector2( 48, 240 )
texture = ExtResource( 3 )
region_enabled = true
region_rect = Rect2( 48, 240, 16, 16 )

[node name="TreesHConnector" type="Sprite" parent="." index="128"]

position = Vector2( 0, 256 )
texture = ExtResource( 3 )
region_enabled = true
region_rect = Rect2( 0, 256, 16, 16 )

[node name="TreesHRight" type="Sprite" parent="." index="129"]

position = Vector2( 16, 256 )
texture = ExtResource( 3 )
region_enabled = true
region_rect = Rect2( 16, 256, 16, 16 )

[node name="Forest" type="Sprite" parent="." index="130"]

position = Vector2( 32, 256 )
texture = ExtResource( 3 )
region_enabled = true
region_rect = Rect2( 32, 256, 16, 16 )

[node name="Forest2" type="Sprite" parent="." index="131"]

position = Vector2( 48, 256 )
texture = ExtResource( 3 )
region_enabled = true
region_rect = Rect2( 48, 256, 16, 16 )

[node name="Forest3" type="Sprite" parent="." index="132"]

position = Vector2( 64, 256 )
texture = ExtResource( 3 )
region_enabled = true
region_rect = Rect2( 64, 256, 16, 16 )

[node name="ForestTLT" type="Sprite" parent="." index="133"]

position = Vector2( 80, 256 )
texture = ExtResource( 3 )
region_enabled = true
region_rect = Rect2( 80, 256, 16, 16 )

[node name="ForestTRT" type="Sprite" parent="." index="134"]

position = Vector2( 96, 256 )
texture = ExtResource( 3 )
region_enabled = true
region_rect = Rect2( 96, 256, 16, 16 )

[node name="Forest4" type="Sprite" parent="." index="135"]

position = Vector2( 112, 256 )
texture = ExtResource( 3 )
region_enabled = true
region_rect = Rect2( 112, 256, 16, 16 )

[node name="PlotV" type="Sprite" parent="." index="136"]

position = Vector2( 0, 272 )
texture = ExtResource( 3 )
region_enabled = true
region_rect = Rect2( 0, 272, 16, 16 )

[node name="PlotC" type="Sprite" parent="." index="137"]

position = Vector2( 32, 272 )
texture = ExtResource( 3 )
region_enabled = true
region_rect = Rect2( 32, 272, 16, 16 )

[node name="PlotC2" type="Sprite" parent="." index="138"]

position = Vector2( 48, 272 )
texture = ExtResource( 3 )
region_enabled = true
region_rect = Rect2( 48, 272, 16, 16 )

[node name="PlotC3" type="Sprite" parent="." index="139"]

position = Vector2( 64, 272 )
texture = ExtResource( 3 )
region_enabled = true
region_rect = Rect2( 64, 272, 16, 16 )

[node name="ForestTLB" type="Sprite" parent="." index="140"]

position = Vector2( 80, 272 )
texture = ExtResource( 3 )
region_enabled = true
region_rect = Rect2( 80, 272, 16, 16 )

[node name="ForestTRB" type="Sprite" parent="." index="141"]

position = Vector2( 96, 272 )
texture = ExtResource( 3 )
region_enabled = true
region_rect = Rect2( 96, 272, 16, 16 )

[node name="Forest5" type="Sprite" parent="." index="142"]

position = Vector2( 112, 272 )
texture = ExtResource( 3 )
region_enabled = true
region_rect = Rect2( 112, 272, 16, 16 )

[node name="PlotV2" type="Sprite" parent="." index="143"]

position = Vector2( 0, 288 )
texture = ExtResource( 3 )
region_enabled = true
region_rect = Rect2( 0, 288, 16, 16 )

[node name="PlotC4" type="Sprite" parent="." index="144"]

position = Vector2( 32, 288 )
texture = ExtResource( 3 )
region_enabled = true
region_rect = Rect2( 32, 288, 16, 16 )

[node name="PlotC5" type="Sprite" parent="." index="145"]

position = Vector2( 48, 288 )
texture = ExtResource( 3 )
region_enabled = true
region_rect = Rect2( 48, 288, 16, 16 )

[node name="PlotVC" type="Sprite" parent="." index="146"]

position = Vector2( 64, 288 )
texture = ExtResource( 3 )
region_enabled = true
region_rect = Rect2( 64, 288, 16, 16 )

[node name="Forest6" type="Sprite" parent="." index="147"]

position = Vector2( 80, 288 )
texture = ExtResource( 3 )
region_enabled = true
region_rect = Rect2( 80, 288, 16, 16 )

[node name="Forest7" type="Sprite" parent="." index="148"]

position = Vector2( 96, 288 )
texture = ExtResource( 3 )
region_enabled = true
region_rect = Rect2( 96, 288, 16, 16 )

[node name="Forest8" type="Sprite" parent="." index="149"]

position = Vector2( 112, 288 )
texture = ExtResource( 3 )
region_enabled = true
region_rect = Rect2( 112, 288, 16, 16 )

[node name="PlotH" type="Sprite" parent="." index="150"]

position = Vector2( 0, 304 )
texture = ExtResource( 3 )
region_enabled = true
region_rect = Rect2( 0, 304, 16, 16 )

[node name="PlotH2" type="Sprite" parent="." index="151"]

position = Vector2( 16, 304 )
texture = ExtResource( 3 )
region_enabled = true
region_rect = Rect2( 16, 304, 16, 16 )

[node name="Forest9" type="Sprite" parent="." index="152"]

position = Vector2( 48, 304 )
texture = ExtResource( 3 )
region_enabled = true
region_rect = Rect2( 48, 304, 16, 16 )

[node name="Forest10" type="Sprite" parent="." index="153"]

position = Vector2( 64, 304 )
texture = ExtResource( 3 )
region_enabled = true
region_rect = Rect2( 64, 304, 16, 16 )

[node name="ForestTBSingular" type="Sprite" parent="." index="154"]

position = Vector2( 80, 304 )
texture = ExtResource( 3 )
region_enabled = true
region_rect = Rect2( 80, 304, 16, 16 )

[node name="CannonHLT" type="Sprite" parent="." index="155"]

position = Vector2( 592, 320 )
texture = ExtResource( 3 )
region_enabled = true
region_rect = Rect2( 592, 320, 16, 16 )

[node name="CannonHCT" type="Sprite" parent="." index="156"]

position = Vector2( 608, 320 )
texture = ExtResource( 3 )
region_enabled = true
region_rect = Rect2( 608, 320, 16, 16 )

[node name="CannonHRT" type="Sprite" parent="." index="157"]

position = Vector2( 624, 320 )
texture = ExtResource( 3 )
region_enabled = true
region_rect = Rect2( 624, 320, 16, 16 )

[node name="RTLT" type="Sprite" parent="." index="158"]

position = Vector2( 0, 336 )
texture = ExtResource( 3 )
region_enabled = true
region_rect = Rect2( 0, 336, 16, 16 )

[node name="RTCT" type="Sprite" parent="." index="159"]

position = Vector2( 16, 336 )
texture = ExtResource( 3 )
region_enabled = true
region_rect = Rect2( 16, 336, 16, 16 )

[node name="RTRT" type="Sprite" parent="." index="160"]

position = Vector2( 32, 336 )
texture = ExtResource( 3 )
region_enabled = true
region_rect = Rect2( 32, 336, 16, 16 )

[node name="CannonHLB" type="Sprite" parent="." index="161"]

position = Vector2( 592, 336 )
texture = ExtResource( 3 )
region_enabled = true
region_rect = Rect2( 592, 336, 16, 16 )

[node name="CannonHCB" type="Sprite" parent="." index="162"]

position = Vector2( 608, 336 )
texture = ExtResource( 3 )
region_enabled = true
region_rect = Rect2( 608, 336, 16, 16 )

[node name="CannonHRB" type="Sprite" parent="." index="163"]

position = Vector2( 624, 336 )
texture = ExtResource( 3 )
region_enabled = true
region_rect = Rect2( 624, 336, 16, 16 )

[node name="RTLC" type="Sprite" parent="." index="164"]

position = Vector2( 0, 352 )
texture = ExtResource( 3 )
region_enabled = true
region_rect = Rect2( 0, 352, 16, 16 )

[node name="RTCC" type="Sprite" parent="." index="165"]

position = Vector2( 16, 352 )
texture = ExtResource( 3 )
region_enabled = true
region_rect = Rect2( 16, 352, 16, 16 )

[node name="RTRC" type="Sprite" parent="." index="166"]

position = Vector2( 32, 352 )
texture = ExtResource( 3 )
region_enabled = true
region_rect = Rect2( 32, 352, 16, 16 )

[node name="MuryWay3" type="Sprite" parent="." index="167"]

position = Vector2( 128, 352 )
texture = ExtResource( 3 )
region_enabled = true
region_rect = Rect2( 128, 352, 16, 16 )

[node name="MuryWay4" type="Sprite" parent="." index="168"]

position = Vector2( 144, 352 )
texture = ExtResource( 3 )
region_enabled = true
region_rect = Rect2( 144, 352, 16, 16 )

[node name="CannonTBT" type="Sprite" parent="." index="169"]

position = Vector2( 160, 352 )
texture = ExtResource( 3 )
region_enabled = true
region_rect = Rect2( 160, 352, 16, 16 )

[node name="Balls" type="Sprite" parent="." index="170"]

position = Vector2( 176, 352 )
texture = ExtResource( 3 )
region_enabled = true
region_rect = Rect2( 176, 352, 16, 16 )

[node name="Balls2" type="Sprite" parent="." index="171"]

position = Vector2( 192, 352 )
texture = ExtResource( 3 )
region_enabled = true
region_rect = Rect2( 192, 352, 16, 16 )

[node name="Balls3" type="Sprite" parent="." index="172"]

position = Vector2( 208, 352 )
texture = ExtResource( 3 )
region_enabled = true
region_rect = Rect2( 208, 352, 16, 16 )

[node name="SBridgeLT" type="Sprite" parent="." index="173"]

position = Vector2( 400, 352 )
texture = ExtResource( 3 )
region_enabled = true
region_rect = Rect2( 400, 352, 16, 16 )

[node name="SBridgeLT2" type="Sprite" parent="." index="174"]

position = Vector2( 416, 352 )
texture = ExtResource( 3 )
region_enabled = true
region_rect = Rect2( 416, 352, 16, 16 )

[node name="SBridgeRT" type="Sprite" parent="." index="175"]

position = Vector2( 448, 352 )
texture = ExtResource( 3 )
region_enabled = true
region_rect = Rect2( 448, 352, 16, 16 )

[node name="SBridgeRT2" type="Sprite" parent="." index="176"]

position = Vector2( 464, 352 )
texture = ExtResource( 3 )
region_enabled = true
region_rect = Rect2( 464, 352, 16, 16 )

[node name="Tower" type="Sprite" parent="." index="177"]

position = Vector2( 512, 352 )
texture = ExtResource( 3 )
region_enabled = true
region_rect = Rect2( 512, 352, 16, 16 )

[node name="Tower2" type="Sprite" parent="." index="178"]

position = Vector2( 528, 352 )
texture = ExtResource( 3 )
region_enabled = true
region_rect = Rect2( 528, 352, 16, 16 )

[node name="Tower3" type="Sprite" parent="." index="179"]

position = Vector2( 544, 352 )
texture = ExtResource( 3 )
region_enabled = true
region_rect = Rect2( 544, 352, 16, 16 )

[node name="RTLB" type="Sprite" parent="." index="180"]

position = Vector2( 0, 368 )
texture = ExtResource( 3 )
region_enabled = true
region_rect = Rect2( 0, 368, 16, 16 )

[node name="RTCB" type="Sprite" parent="." index="181"]

position = Vector2( 16, 368 )
texture = ExtResource( 3 )
region_enabled = true
region_rect = Rect2( 16, 368, 16, 16 )

[node name="RTRB" type="Sprite" parent="." index="182"]

position = Vector2( 32, 368 )
texture = ExtResource( 3 )
region_enabled = true
region_rect = Rect2( 32, 368, 16, 16 )

[node name="MuryWay5" type="Sprite" parent="." index="183"]

position = Vector2( 128, 368 )
texture = ExtResource( 3 )
region_enabled = true
region_rect = Rect2( 128, 368, 16, 16 )

[node name="MuryWay6" type="Sprite" parent="." index="184"]

position = Vector2( 144, 368 )
texture = ExtResource( 3 )
region_enabled = true
region_rect = Rect2( 144, 368, 16, 16 )

[node name="CannonTBB" type="Sprite" parent="." index="185"]

position = Vector2( 160, 368 )
texture = ExtResource( 3 )
region_enabled = true
region_rect = Rect2( 160, 368, 16, 16 )

[node name="Balls4" type="Sprite" parent="." index="186"]

position = Vector2( 176, 368 )
texture = ExtResource( 3 )
region_enabled = true
region_rect = Rect2( 176, 368, 16, 16 )

[node name="Balls5" type="Sprite" parent="." index="187"]

position = Vector2( 192, 368 )
texture = ExtResource( 3 )
region_enabled = true
region_rect = Rect2( 192, 368, 16, 16 )

[node name="Balls6" type="Sprite" parent="." index="188"]

position = Vector2( 208, 368 )
texture = ExtResource( 3 )
region_enabled = true
region_rect = Rect2( 208, 368, 16, 16 )

[node name="SBridgeLTT" type="Sprite" parent="." index="189"]

position = Vector2( 400, 368 )
texture = ExtResource( 3 )
region_enabled = true
region_rect = Rect2( 400, 368, 16, 16 )

[node name="SBridgeLTT2" type="Sprite" parent="." index="190"]

position = Vector2( 416, 368 )
texture = ExtResource( 3 )
region_enabled = true
region_rect = Rect2( 416, 368, 16, 16 )

[node name="SBridgeCTT" type="Sprite" parent="." index="191"]

position = Vector2( 432, 368 )
texture = ExtResource( 3 )
region_enabled = true
region_rect = Rect2( 432, 368, 16, 16 )

[node name="SBridgeRTT" type="Sprite" parent="." index="192"]

position = Vector2( 448, 368 )
texture = ExtResource( 3 )
region_enabled = true
region_rect = Rect2( 448, 368, 16, 16 )

[node name="SBridgeRTT2" type="Sprite" parent="." index="193"]

position = Vector2( 464, 368 )
texture = ExtResource( 3 )
region_enabled = true
region_rect = Rect2( 464, 368, 16, 16 )

[node name="Tower4" type="Sprite" parent="." index="194"]

position = Vector2( 512, 368 )
texture = ExtResource( 3 )
region_enabled = true
region_rect = Rect2( 512, 368, 16, 16 )

[node name="Tower5" type="Sprite" parent="." index="195"]

position = Vector2( 528, 368 )
texture = ExtResource( 3 )
region_enabled = true
region_rect = Rect2( 528, 368, 16, 16 )

[node name="Tower6" type="Sprite" parent="." index="196"]

position = Vector2( 544, 368 )
texture = ExtResource( 3 )
region_enabled = true
region_rect = Rect2( 544, 368, 16, 16 )

[node name="RTFLT" type="Sprite" parent="." index="197"]

position = Vector2( 0, 384 )
texture = ExtResource( 3 )
region_enabled = true
region_rect = Rect2( 0, 384, 16, 16 )

[node name="RTFCT" type="Sprite" parent="." index="198"]

position = Vector2( 16, 384 )
texture = ExtResource( 3 )
region_enabled = true
region_rect = Rect2( 16, 384, 16, 16 )

[node name="RTFRT" type="Sprite" parent="." index="199"]

position = Vector2( 32, 384 )
texture = ExtResource( 3 )
region_enabled = true
region_rect = Rect2( 32, 384, 16, 16 )

[node name="MuryWay7" type="Sprite" parent="." index="200"]

position = Vector2( 128, 384 )
texture = ExtResource( 3 )
region_enabled = true
region_rect = Rect2( 128, 384, 16, 16 )

[node name="MuryWay8" type="Sprite" parent="." index="201"]

position = Vector2( 144, 384 )
texture = ExtResource( 3 )
region_enabled = true
region_rect = Rect2( 144, 384, 16, 16 )

[node name="CannonBTT" type="Sprite" parent="." index="202"]

position = Vector2( 160, 384 )
texture = ExtResource( 3 )
region_enabled = true
region_rect = Rect2( 160, 384, 16, 16 )

[node name="Balls7" type="Sprite" parent="." index="203"]

position = Vector2( 192, 384 )
texture = ExtResource( 3 )
region_enabled = true
region_rect = Rect2( 192, 384, 16, 16 )

[node name="Balls8" type="Sprite" parent="." index="204"]

position = Vector2( 208, 384 )
texture = ExtResource( 3 )
region_enabled = true
region_rect = Rect2( 208, 384, 16, 16 )

[node name="SBridgeLC" type="Sprite" parent="." index="205"]

position = Vector2( 400, 384 )
texture = ExtResource( 3 )
region_enabled = true
region_rect = Rect2( 400, 384, 16, 16 )

[node name="SBridgeLC2" type="Sprite" parent="." index="206"]

position = Vector2( 416, 384 )
texture = ExtResource( 3 )
region_enabled = true
region_rect = Rect2( 416, 384, 16, 16 )

[node name="SBridgeCC" type="Sprite" parent="." index="207"]

position = Vector2( 432, 384 )
texture = ExtResource( 3 )
region_enabled = true
region_rect = Rect2( 432, 384, 16, 16 )

[node name="SBridgeRC" type="Sprite" parent="." index="208"]

position = Vector2( 448, 384 )
texture = ExtResource( 3 )
region_enabled = true
region_rect = Rect2( 448, 384, 16, 16 )

[node name="SBridgeRC2" type="Sprite" parent="." index="209"]

position = Vector2( 464, 384 )
texture = ExtResource( 3 )
region_enabled = true
region_rect = Rect2( 464, 384, 16, 16 )

[node name="Tower7" type="Sprite" parent="." index="210"]

position = Vector2( 512, 384 )
texture = ExtResource( 3 )
region_enabled = true
region_rect = Rect2( 512, 384, 16, 16 )

[node name="Tower8" type="Sprite" parent="." index="211"]

position = Vector2( 528, 384 )
texture = ExtResource( 3 )
region_enabled = true
region_rect = Rect2( 528, 384, 16, 16 )

[node name="Tower9" type="Sprite" parent="." index="212"]

position = Vector2( 544, 384 )
texture = ExtResource( 3 )
region_enabled = true
region_rect = Rect2( 544, 384, 16, 16 )

[node name="RTFLC" type="Sprite" parent="." index="213"]

position = Vector2( 0, 400 )
texture = ExtResource( 3 )
region_enabled = true
region_rect = Rect2( 0, 400, 16, 16 )

[node name="RTFCC" type="Sprite" parent="." index="214"]

position = Vector2( 16, 400 )
texture = ExtResource( 3 )
region_enabled = true
region_rect = Rect2( 16, 400, 16, 16 )

[node name="RTFRC" type="Sprite" parent="." index="215"]

position = Vector2( 32, 400 )
texture = ExtResource( 3 )
region_enabled = true
region_rect = Rect2( 32, 400, 16, 16 )

[node name="MuryWay9" type="Sprite" parent="." index="216"]

position = Vector2( 128, 400 )
texture = ExtResource( 3 )
region_enabled = true
region_rect = Rect2( 128, 400, 16, 16 )

[node name="MuryWay10" type="Sprite" parent="." index="217"]

position = Vector2( 144, 400 )
texture = ExtResource( 3 )
region_enabled = true
region_rect = Rect2( 144, 400, 16, 16 )

[node name="CannonBTB" type="Sprite" parent="." index="218"]

position = Vector2( 160, 400 )
texture = ExtResource( 3 )
region_enabled = true
region_rect = Rect2( 160, 400, 16, 16 )

[node name="SBridgeLB" type="Sprite" parent="." index="219"]

position = Vector2( 400, 400 )
texture = ExtResource( 3 )
region_enabled = true
region_rect = Rect2( 400, 400, 16, 16 )

[node name="SBridgeLB2" type="Sprite" parent="." index="220"]

position = Vector2( 416, 400 )
texture = ExtResource( 3 )
region_enabled = true
region_rect = Rect2( 416, 400, 16, 16 )

[node name="SBridgeCB" type="Sprite" parent="." index="221"]

position = Vector2( 432, 400 )
texture = ExtResource( 3 )
region_enabled = true
region_rect = Rect2( 432, 400, 16, 16 )

[node name="SBridgeRB" type="Sprite" parent="." index="222"]

position = Vector2( 448, 400 )
texture = ExtResource( 3 )
region_enabled = true
region_rect = Rect2( 448, 400, 16, 16 )

[node name="SBridgeRB2" type="Sprite" parent="." index="223"]

position = Vector2( 464, 400 )
texture = ExtResource( 3 )
region_enabled = true
region_rect = Rect2( 464, 400, 16, 16 )

[node name="Tower10" type="Sprite" parent="." index="224"]

position = Vector2( 512, 400 )
texture = ExtResource( 3 )
region_enabled = true
region_rect = Rect2( 512, 400, 16, 16 )

[node name="Tower11" type="Sprite" parent="." index="225"]

position = Vector2( 528, 400 )
texture = ExtResource( 3 )
region_enabled = true
region_rect = Rect2( 528, 400, 16, 16 )

[node name="Tower12" type="Sprite" parent="." index="226"]

position = Vector2( 544, 400 )
texture = ExtResource( 3 )
region_enabled = true
region_rect = Rect2( 544, 400, 16, 16 )

[node name="RTFLBB" type="Sprite" parent="." index="227"]

position = Vector2( 0, 416 )
texture = ExtResource( 3 )
region_enabled = true
region_rect = Rect2( 0, 416, 16, 16 )

[node name="RTFCBB" type="Sprite" parent="." index="228"]

position = Vector2( 16, 416 )
texture = ExtResource( 3 )
region_enabled = true
region_rect = Rect2( 16, 416, 16, 16 )

[node name="RTFRBB" type="Sprite" parent="." index="229"]

position = Vector2( 32, 416 )
texture = ExtResource( 3 )
region_enabled = true
region_rect = Rect2( 32, 416, 16, 16 )

[node name="BridgeFooterL" type="Sprite" parent="." index="230"]

position = Vector2( 400, 416 )
texture = ExtResource( 3 )
region_enabled = true
region_rect = Rect2( 400, 416, 16, 16 )

[node name="BridgeFooterL2" type="Sprite" parent="." index="231"]

position = Vector2( 416, 416 )
texture = ExtResource( 3 )
region_enabled = true
region_rect = Rect2( 416, 416, 16, 16 )

[node name="BridgeFooterC" type="Sprite" parent="." index="232"]

position = Vector2( 432, 416 )
texture = ExtResource( 3 )
region_enabled = true
region_rect = Rect2( 432, 416, 16, 16 )

[node name="BridgeFooterR" type="Sprite" parent="." index="233"]

position = Vector2( 448, 416 )
texture = ExtResource( 3 )
region_enabled = true
region_rect = Rect2( 448, 416, 16, 16 )

[node name="BridgeFooterR2" type="Sprite" parent="." index="234"]

position = Vector2( 464, 416 )
texture = ExtResource( 3 )
region_enabled = true
region_rect = Rect2( 464, 416, 16, 16 )

[node name="Tower13" type="Sprite" parent="." index="235"]

position = Vector2( 512, 416 )
texture = ExtResource( 3 )
region_enabled = true
region_rect = Rect2( 512, 416, 16, 16 )

[node name="Tower14" type="Sprite" parent="." index="236"]

position = Vector2( 528, 416 )
texture = ExtResource( 3 )
region_enabled = true
region_rect = Rect2( 528, 416, 16, 16 )

[node name="Tower15" type="Sprite" parent="." index="237"]

position = Vector2( 544, 416 )
texture = ExtResource( 3 )
region_enabled = true
region_rect = Rect2( 544, 416, 16, 16 )

[node name="RTFSL" type="Sprite" parent="." index="238"]

position = Vector2( 0, 432 )
texture = ExtResource( 3 )
region_enabled = true
region_rect = Rect2( 0, 432, 16, 16 )

[node name="RTFSC" type="Sprite" parent="." index="239"]

position = Vector2( 16, 432 )
texture = ExtResource( 3 )
region_enabled = true
region_rect = Rect2( 16, 432, 16, 16 )

[node name="RTFSR" type="Sprite" parent="." index="240"]

position = Vector2( 32, 432 )
texture = ExtResource( 3 )
region_enabled = true
region_rect = Rect2( 32, 432, 16, 16 )

[node name="RTFSCorner" type="Sprite" parent="." index="241"]

position = Vector2( 48, 432 )
texture = ExtResource( 3 )
region_enabled = true
region_rect = Rect2( 48, 432, 16, 16 )

[node name="BannerT" type="Sprite" parent="." index="242"]

position = Vector2( 80, 432 )
texture = ExtResource( 3 )
region_enabled = true
region_rect = Rect2( 80, 432, 16, 16 )

[node name="BannerT2" type="Sprite" parent="." index="243"]

position = Vector2( 96, 432 )
texture = ExtResource( 3 )
region_enabled = true
region_rect = Rect2( 96, 432, 16, 16 )

[node name="BridgeFooterLC" type="Sprite" parent="." index="244"]

position = Vector2( 400, 432 )
texture = ExtResource( 3 )
region_enabled = true
region_rect = Rect2( 400, 432, 16, 16 )

[node name="BridgeFooterLC2" type="Sprite" parent="." index="245"]

position = Vector2( 416, 432 )
texture = ExtResource( 3 )
region_enabled = true
region_rect = Rect2( 416, 432, 16, 16 )

[node name="BridgeFooterCC" type="Sprite" parent="." index="246"]

position = Vector2( 432, 432 )
texture = ExtResource( 3 )
region_enabled = true
region_rect = Rect2( 432, 432, 16, 16 )

[node name="BridgeFooterRC" type="Sprite" parent="." index="247"]

position = Vector2( 448, 432 )
texture = ExtResource( 3 )
region_enabled = true
region_rect = Rect2( 448, 432, 16, 16 )

[node name="BridgeFooterRC2" type="Sprite" parent="." index="248"]

position = Vector2( 464, 432 )
texture = ExtResource( 3 )
region_enabled = true
region_rect = Rect2( 464, 432, 16, 16 )

[node name="Tower16" type="Sprite" parent="." index="249"]

position = Vector2( 512, 432 )
texture = ExtResource( 3 )
region_enabled = true
region_rect = Rect2( 512, 432, 16, 16 )

[node name="Tower17" type="Sprite" parent="." index="250"]

position = Vector2( 528, 432 )
texture = ExtResource( 3 )
region_enabled = true
region_rect = Rect2( 528, 432, 16, 16 )

[node name="Tower18" type="Sprite" parent="." index="251"]

position = Vector2( 544, 432 )
texture = ExtResource( 3 )
region_enabled = true
region_rect = Rect2( 544, 432, 16, 16 )

[node name="RTFSLB" type="Sprite" parent="." index="252"]

position = Vector2( 0, 448 )
texture = ExtResource( 3 )
region_enabled = true
region_rect = Rect2( 0, 448, 16, 16 )

[node name="RTFSCB" type="Sprite" parent="." index="253"]

position = Vector2( 16, 448 )
texture = ExtResource( 3 )
region_enabled = true
region_rect = Rect2( 16, 448, 16, 16 )

[node name="RTFSRB" type="Sprite" parent="." index="254"]

position = Vector2( 32, 448 )
texture = ExtResource( 3 )
region_enabled = true
region_rect = Rect2( 32, 448, 16, 16 )

[node name="BannerFooter" type="Sprite" parent="." index="255"]

position = Vector2( 64, 448 )
texture = ExtResource( 3 )
region_enabled = true
region_rect = Rect2( 64, 448, 16, 16 )

[node name="BannerWW" type="Sprite" parent="." index="256"]

position = Vector2( 80, 448 )
texture = ExtResource( 3 )
region_enabled = true
region_rect = Rect2( 80, 448, 16, 16 )

[node name="BannerWOW" type="Sprite" parent="." index="257"]

position = Vector2( 96, 448 )
texture = ExtResource( 3 )
region_enabled = true
region_rect = Rect2( 96, 448, 16, 16 )

[node name="BridgeFooterLB" type="Sprite" parent="." index="258"]

position = Vector2( 400, 448 )
texture = ExtResource( 3 )
region_enabled = true
region_rect = Rect2( 400, 448, 16, 16 )

[node name="BridgeFooterLB2" type="Sprite" parent="." index="259"]

position = Vector2( 416, 448 )
texture = ExtResource( 3 )
region_enabled = true
region_rect = Rect2( 416, 448, 16, 16 )

[node name="BridgeFooterRB" type="Sprite" parent="." index="260"]

position = Vector2( 448, 448 )
texture = ExtResource( 3 )
region_enabled = true
region_rect = Rect2( 448, 448, 16, 16 )

[node name="BridgeFooterRB2" type="Sprite" parent="." index="261"]

position = Vector2( 464, 448 )
texture = ExtResource( 3 )
region_enabled = true
region_rect = Rect2( 464, 448, 16, 16 )

[node name="Tower19" type="Sprite" parent="." index="262"]

position = Vector2( 512, 448 )
texture = ExtResource( 3 )
region_enabled = true
region_rect = Rect2( 512, 448, 16, 16 )

[node name="Tower20" type="Sprite" parent="." index="263"]

position = Vector2( 528, 448 )
texture = ExtResource( 3 )
region_enabled = true
region_rect = Rect2( 528, 448, 16, 16 )

[node name="Tower21" type="Sprite" parent="." index="264"]

position = Vector2( 544, 448 )
texture = ExtResource( 3 )
region_enabled = true
region_rect = Rect2( 544, 448, 16, 16 )

[node name="FigureLT" type="Sprite" parent="." index="265"]

position = Vector2( 128, 496 )
texture = ExtResource( 3 )
region_enabled = true
region_rect = Rect2( 128, 496, 16, 16 )

[node name="FigureRT" type="Sprite" parent="." index="266"]

position = Vector2( 144, 496 )
texture = ExtResource( 3 )
region_enabled = true
region_rect = Rect2( 144, 496, 16, 16 )

[node name="FigureLC" type="Sprite" parent="." index="267"]

position = Vector2( 128, 512 )
texture = ExtResource( 3 )
region_enabled = true
region_rect = Rect2( 128, 512, 16, 16 )

[node name="FigureRC" type="Sprite" parent="." index="268"]

position = Vector2( 144, 512 )
texture = ExtResource( 3 )
region_enabled = true
region_rect = Rect2( 144, 512, 16, 16 )

[node name="FigureLB" type="Sprite" parent="." index="269"]

position = Vector2( 128, 528 )
texture = ExtResource( 3 )
region_enabled = true
region_rect = Rect2( 128, 528, 16, 16 )

[node name="FigureRB" type="Sprite" parent="." index="270"]

position = Vector2( 144, 528 )
texture = ExtResource( 3 )
region_enabled = true
region_rect = Rect2( 144, 528, 16, 16 )


