[gd_scene load_steps=2 format=2]

[ext_resource path="res://assets/tilemaps/mainatlas.png" type="Texture" id=1]

[node name="Node" type="Node" index="0"]

__meta__ = {
"_edit_horizontal_guides_": [  ],
"_edit_vertical_guides_": [  ]
}

[node name="Grass" type="Sprite" parent="." index="0"]

scale = Vector2( 2, 2 )
texture = ExtResource( 1 )
region_enabled = true
region_rect = Rect2( 0, 0, 16, 16 )
_sections_unfolded = [ "Region" ]

[node name="LowGrassToHighGrass-lu" type="Sprite" parent="." index="1"]

position = Vector2( 0, 48 )
scale = Vector2( 2, 2 )
texture = ExtResource( 1 )
region_enabled = true
region_rect = Rect2( 0, 96, 16, 16 )
_sections_unfolded = [ "Region" ]

[node name="LowGrassToHighGrass-ru" type="Sprite" parent="." index="2"]

position = Vector2( 48, 48 )
scale = Vector2( 2, 2 )
texture = ExtResource( 1 )
region_enabled = true
region_rect = Rect2( 16, 96, 16, 16 )
_sections_unfolded = [ "Region" ]

[node name="LowGrassToHighGrass-rd" type="Sprite" parent="." index="3"]

position = Vector2( 96, 48 )
scale = Vector2( 2, 2 )
texture = ExtResource( 1 )
region_enabled = true
region_rect = Rect2( 16, 112, 16, 16 )
_sections_unfolded = [ "Region" ]

[node name="LowGrassToHighGrass-ld" type="Sprite" parent="." index="4"]

position = Vector2( 144, 48 )
scale = Vector2( 2, 2 )
texture = ExtResource( 1 )
region_enabled = true
region_rect = Rect2( 0, 112, 16, 16 )
_sections_unfolded = [ "Region" ]

[node name="LowGrass" type="Sprite" parent="." index="5"]

position = Vector2( 48, 0 )
scale = Vector2( 2, 2 )
texture = ExtResource( 1 )
region_enabled = true
region_rect = Rect2( 16, 64, 16, 16 )
_sections_unfolded = [ "Region" ]

[node name="LowGrass2" type="Sprite" parent="." index="6"]

position = Vector2( 96, 0 )
scale = Vector2( 2, 2 )
texture = ExtResource( 1 )
region_enabled = true
region_rect = Rect2( 192, 80, 16, 16 )
_sections_unfolded = [ "Region" ]

[node name="HighToLowGrass-ru" type="Sprite" parent="." index="7"]

position = Vector2( 144, 0 )
scale = Vector2( 2, 2 )
texture = ExtResource( 1 )
region_enabled = true
region_rect = Rect2( 32, 48, 16, 16 )
_sections_unfolded = [ "Region" ]

[node name="HighToLowGrass-u" type="Sprite" parent="." index="8"]

position = Vector2( 432, 0 )
scale = Vector2( 2, 2 )
texture = ExtResource( 1 )
region_enabled = true
region_rect = Rect2( 16, 48, 16, 16 )
_sections_unfolded = [ "Region" ]

[node name="HighToLowGrass-lu" type="Sprite" parent="." index="9"]

position = Vector2( 192, 0 )
scale = Vector2( 2, 2 )
texture = ExtResource( 1 )
region_enabled = true
region_rect = Rect2( 0, 48, 16, 16 )
_sections_unfolded = [ "Region" ]

[node name="HighToLowGrass-l" type="Sprite" parent="." index="10"]

position = Vector2( 240, 0 )
scale = Vector2( 2, 2 )
texture = ExtResource( 1 )
region_enabled = true
region_rect = Rect2( 0, 64, 16, 16 )
_sections_unfolded = [ "Region" ]

[node name="HighToLowGrass-ld" type="Sprite" parent="." index="11"]

position = Vector2( 288, 0 )
scale = Vector2( 2, 2 )
texture = ExtResource( 1 )
region_enabled = true
region_rect = Rect2( 0, 80, 16, 16 )
_sections_unfolded = [ "Region" ]

[node name="HighToLowGrass-d" type="Sprite" parent="." index="12"]

position = Vector2( 384, 0 )
scale = Vector2( 2, 2 )
texture = ExtResource( 1 )
region_enabled = true
region_rect = Rect2( 16, 80, 16, 16 )
_sections_unfolded = [ "Region" ]

[node name="HighToLowGrass-rd" type="Sprite" parent="." index="13"]

position = Vector2( 336, 0 )
scale = Vector2( 2, 2 )
texture = ExtResource( 1 )
region_enabled = true
region_rect = Rect2( 32, 80, 16, 16 )
_sections_unfolded = [ "Region" ]

[node name="Water" type="Sprite" parent="." index="14"]

position = Vector2( 0, 96 )
scale = Vector2( 2, 2 )
texture = ExtResource( 1 )
region_enabled = true
region_rect = Rect2( 48, 112, 16, 16 )
_sections_unfolded = [ "Region" ]

[node name="WatertoHighGrass-lu" type="Sprite" parent="." index="15"]

position = Vector2( 0, 144 )
scale = Vector2( 2, 2 )
texture = ExtResource( 1 )
region_enabled = true
region_rect = Rect2( 32, 144, 16, 16 )
_sections_unfolded = [ "Region" ]

[node name="WatertoHighGrass-ld" type="Sprite" parent="." index="16"]

position = Vector2( 48, 144 )
scale = Vector2( 2, 2 )
texture = ExtResource( 1 )
region_enabled = true
region_rect = Rect2( 32, 160, 16, 16 )
_sections_unfolded = [ "Region" ]

[node name="WatertoHighGrass-rd" type="Sprite" parent="." index="17"]

position = Vector2( 96, 144 )
scale = Vector2( 2, 2 )
texture = ExtResource( 1 )
region_enabled = true
region_rect = Rect2( 48, 160, 16, 16 )
_sections_unfolded = [ "Region" ]

[node name="WatertoHighGrass-ru" type="Sprite" parent="." index="18"]

position = Vector2( 144, 144 )
scale = Vector2( 2, 2 )
texture = ExtResource( 1 )
region_enabled = true
region_rect = Rect2( 48, 144, 16, 16 )
_sections_unfolded = [ "Region" ]

[node name="HighGrassToWater-ru" type="Sprite" parent="." index="19"]

position = Vector2( 48, 96 )
scale = Vector2( 2, 2 )
texture = ExtResource( 1 )
region_enabled = true
region_rect = Rect2( 64, 96, 16, 16 )
_sections_unfolded = [ "Region" ]

[node name="HighGrassToWater-u" type="Sprite" parent="." index="20"]

position = Vector2( 336, 96 )
scale = Vector2( 2, 2 )
texture = ExtResource( 1 )
region_enabled = true
region_rect = Rect2( 48, 96, 16, 16 )
_sections_unfolded = [ "Region" ]

[node name="HighGrassToWater-lu" type="Sprite" parent="." index="21"]

position = Vector2( 96, 96 )
scale = Vector2( 2, 2 )
texture = ExtResource( 1 )
region_enabled = true
region_rect = Rect2( 32, 96, 16, 16 )
_sections_unfolded = [ "Region" ]

[node name="HighGrassToWater-l" type="Sprite" parent="." index="22"]

position = Vector2( 144, 96 )
scale = Vector2( 2, 2 )
texture = ExtResource( 1 )
region_enabled = true
region_rect = Rect2( 32, 112, 16, 16 )
_sections_unfolded = [ "Region" ]

[node name="HighGrassToWater-ld" type="Sprite" parent="." index="23"]

position = Vector2( 192, 96 )
scale = Vector2( 2, 2 )
texture = ExtResource( 1 )
region_enabled = true
region_rect = Rect2( 32, 128, 16, 16 )
_sections_unfolded = [ "Region" ]

[node name="HighGrassToWater-d" type="Sprite" parent="." index="24"]

position = Vector2( 240, 96 )
scale = Vector2( 2, 2 )
texture = ExtResource( 1 )
region_enabled = true
region_rect = Rect2( 48, 128, 16, 16 )
_sections_unfolded = [ "Region" ]

[node name="HighGrassToWater-rd" type="Sprite" parent="." index="25"]

position = Vector2( 288, 96 )
scale = Vector2( 2, 2 )
texture = ExtResource( 1 )
region_enabled = true
region_rect = Rect2( 64, 128, 16, 16 )
_sections_unfolded = [ "Region" ]

[node name="HighGrassToWater-r" type="Sprite" parent="." index="26"]

position = Vector2( 384, 96 )
scale = Vector2( 2, 2 )
texture = ExtResource( 1 )
region_enabled = true
region_rect = Rect2( 64, 112, 16, 16 )
_sections_unfolded = [ "Region" ]

[node name="Dirt" type="Sprite" parent="." index="27"]

position = Vector2( 0, 192 )
scale = Vector2( 2, 2 )
texture = ExtResource( 1 )
region_enabled = true
region_rect = Rect2( 16, 480, 16, 16 )
_sections_unfolded = [ "Region" ]

[node name="HighGrassToDirt-u" type="Sprite" parent="." index="28"]

position = Vector2( 48, 192 )
scale = Vector2( 2, 2 )
texture = ExtResource( 1 )
region_enabled = true
region_rect = Rect2( 16, 464, 16, 16 )
_sections_unfolded = [ "Region" ]

[node name="HighGrassToDirt-lu" type="Sprite" parent="." index="29"]

position = Vector2( 48, 192 )
scale = Vector2( 2, 2 )
texture = ExtResource( 1 )
region_enabled = true
region_rect = Rect2( 0, 464, 16, 16 )
_sections_unfolded = [ "Region" ]

[node name="HighGrassToDirt-l" type="Sprite" parent="." index="30"]

position = Vector2( 96, 192 )
scale = Vector2( 2, 2 )
texture = ExtResource( 1 )
region_enabled = true
region_rect = Rect2( 0, 480, 16, 16 )
_sections_unfolded = [ "Region" ]

[node name="HighGrassToDirt-ld" type="Sprite" parent="." index="31"]

position = Vector2( 144, 192 )
scale = Vector2( 2, 2 )
texture = ExtResource( 1 )
region_enabled = true
region_rect = Rect2( 0, 496, 16, 16 )
_sections_unfolded = [ "Region" ]

[node name="HighGrassToDirt-d" type="Sprite" parent="." index="32"]

position = Vector2( 192, 192 )
scale = Vector2( 2, 2 )
texture = ExtResource( 1 )
region_enabled = true
region_rect = Rect2( 16, 496, 16, 16 )
_sections_unfolded = [ "Region" ]

[node name="HighGrassToDirt-rd" type="Sprite" parent="." index="33"]

position = Vector2( 240, 192 )
scale = Vector2( 2, 2 )
texture = ExtResource( 1 )
region_enabled = true
region_rect = Rect2( 32, 496, 16, 16 )
_sections_unfolded = [ "Region" ]

[node name="HighGrassToDirt-r" type="Sprite" parent="." index="34"]

position = Vector2( 288, 192 )
scale = Vector2( 2, 2 )
texture = ExtResource( 1 )
region_enabled = true
region_rect = Rect2( 32, 480, 16, 16 )
_sections_unfolded = [ "Region" ]

[node name="HighGrassToDirt-ru" type="Sprite" parent="." index="35"]

position = Vector2( 336, 192 )
scale = Vector2( 2, 2 )
texture = ExtResource( 1 )
region_enabled = true
region_rect = Rect2( 32, 464, 16, 16 )
_sections_unfolded = [ "Region" ]

[node name="DirtToHighGrass-lu" type="Sprite" parent="." index="36"]

position = Vector2( 0, 240 )
scale = Vector2( 2, 2 )
texture = ExtResource( 1 )
region_enabled = true
region_rect = Rect2( 0, 512, 16, 16 )
_sections_unfolded = [ "Region" ]

[node name="DirtToHighGrass-ld" type="Sprite" parent="." index="37"]

position = Vector2( 48, 240 )
scale = Vector2( 2, 2 )
texture = ExtResource( 1 )
region_enabled = true
region_rect = Rect2( 0, 528, 16, 16 )
_sections_unfolded = [ "Region" ]

[node name="DirtToHighGrass-rd" type="Sprite" parent="." index="38"]

position = Vector2( 96, 240 )
scale = Vector2( 2, 2 )
texture = ExtResource( 1 )
region_enabled = true
region_rect = Rect2( 16, 528, 16, 16 )
_sections_unfolded = [ "Region" ]

[node name="DirtToHighGrass-ru" type="Sprite" parent="." index="39"]

position = Vector2( 144, 240 )
scale = Vector2( 2, 2 )
texture = ExtResource( 1 )
region_enabled = true
region_rect = Rect2( 16, 528, 16, 16 )
_sections_unfolded = [ "Region" ]

[node name="Field1" type="Sprite" parent="." index="40"]

position = Vector2( 192, 240 )
scale = Vector2( 2, 2 )
texture = ExtResource( 1 )
region_enabled = true
region_rect = Rect2( 0, 544, 16, 16 )
_sections_unfolded = [ "Region" ]

[node name="Field2" type="Sprite" parent="." index="41"]

position = Vector2( 240, 240 )
scale = Vector2( 2, 2 )
texture = ExtResource( 1 )
region_enabled = true
region_rect = Rect2( 0, 560, 16, 16 )
_sections_unfolded = [ "Region" ]

[node name="Field3" type="Sprite" parent="." index="42"]

position = Vector2( 288, 240 )
scale = Vector2( 2, 2 )
texture = ExtResource( 1 )
region_enabled = true
region_rect = Rect2( 16, 544, 16, 16 )
_sections_unfolded = [ "Region" ]

[node name="Field4" type="Sprite" parent="." index="43"]

position = Vector2( 336, 240 )
scale = Vector2( 2, 2 )
texture = ExtResource( 1 )
region_enabled = true
region_rect = Rect2( 16, 560, 16, 16 )
_sections_unfolded = [ "Region" ]

[node name="LowGrassToWater" type="Sprite" parent="." index="44"]

position = Vector2( 0, 288 )
scale = Vector2( 2, 2 )
texture = ExtResource( 1 )
region_enabled = true
region_rect = Rect2( 240, 96, 16, 16 )
_sections_unfolded = [ "Region" ]

[node name="LowGrassToWater2" type="Sprite" parent="." index="45"]

position = Vector2( 48, 288 )
scale = Vector2( 2, 2 )
texture = ExtResource( 1 )
region_enabled = true
region_rect = Rect2( 240, 112, 16, 16 )
_sections_unfolded = [ "Region" ]

[node name="LowGrassToWater3" type="Sprite" parent="." index="46"]

position = Vector2( 96, 288 )
scale = Vector2( 2, 2 )
texture = ExtResource( 1 )
region_enabled = true
region_rect = Rect2( 240, 128, 16, 16 )
_sections_unfolded = [ "Region" ]

[node name="LowGrassToWater4" type="Sprite" parent="." index="47"]

position = Vector2( 144, 288 )
scale = Vector2( 2, 2 )
texture = ExtResource( 1 )
region_enabled = true
region_rect = Rect2( 256, 128, 16, 16 )
_sections_unfolded = [ "Region" ]

[node name="LowGrassToWater5" type="Sprite" parent="." index="48"]

position = Vector2( 0, 336 )
scale = Vector2( 2, 2 )
texture = ExtResource( 1 )
region_enabled = true
region_rect = Rect2( 128, 208, 16, 16 )
_sections_unfolded = [ "Region" ]

[node name="LowGrassToWater10" type="Sprite" parent="." index="49"]

position = Vector2( 48, 336 )
scale = Vector2( 2, 2 )
texture = ExtResource( 1 )
region_enabled = true
region_rect = Rect2( 144, 208, 16, 16 )
_sections_unfolded = [ "Region" ]

[node name="LowGrassToWater11" type="Sprite" parent="." index="50"]

position = Vector2( 96, 336 )
scale = Vector2( 2, 2 )
texture = ExtResource( 1 )
region_enabled = true
region_rect = Rect2( 128, 224, 16, 16 )
_sections_unfolded = [ "Region" ]

[node name="LowGrassToWater12" type="Sprite" parent="." index="51"]

position = Vector2( 144, 336 )
scale = Vector2( 2, 2 )
texture = ExtResource( 1 )
region_enabled = true
region_rect = Rect2( 144, 224, 16, 16 )
_sections_unfolded = [ "Region" ]

[node name="LowGrassToWater13" type="Sprite" parent="." index="52"]

position = Vector2( 192, 336 )
scale = Vector2( 2, 2 )
texture = ExtResource( 1 )
region_enabled = true
region_rect = Rect2( 160, 208, 16, 16 )
_sections_unfolded = [ "Region" ]

[node name="LowGrassToWater14" type="Sprite" parent="." index="53"]

position = Vector2( 240, 336 )
scale = Vector2( 2, 2 )
texture = ExtResource( 1 )
region_enabled = true
region_rect = Rect2( 176, 208, 16, 16 )
_sections_unfolded = [ "Region" ]

[node name="LowGrassToWater15" type="Sprite" parent="." index="54"]

position = Vector2( 288, 336 )
scale = Vector2( 2, 2 )
texture = ExtResource( 1 )
region_enabled = true
region_rect = Rect2( 160, 224, 16, 16 )
_sections_unfolded = [ "Region" ]

[node name="LowGrassToWater16" type="Sprite" parent="." index="55"]

position = Vector2( 336, 336 )
scale = Vector2( 2, 2 )
texture = ExtResource( 1 )
region_enabled = true
region_rect = Rect2( 176, 224, 16, 16 )
_sections_unfolded = [ "Region" ]

[node name="LowGrassToWater6" type="Sprite" parent="." index="56"]

position = Vector2( 192, 288 )
scale = Vector2( 2, 2 )
texture = ExtResource( 1 )
region_enabled = true
region_rect = Rect2( 272, 128, 16, 16 )
_sections_unfolded = [ "Region" ]

[node name="LowGrassToWater7" type="Sprite" parent="." index="57"]

position = Vector2( 240, 288 )
scale = Vector2( 2, 2 )
texture = ExtResource( 1 )
region_enabled = true
region_rect = Rect2( 272, 112, 16, 16 )
_sections_unfolded = [ "Region" ]

[node name="LowGrassToWater8" type="Sprite" parent="." index="58"]

position = Vector2( 288, 288 )
scale = Vector2( 2, 2 )
texture = ExtResource( 1 )
region_enabled = true
region_rect = Rect2( 272, 96, 16, 16 )
_sections_unfolded = [ "Region" ]

[node name="LowGrassToWater9" type="Sprite" parent="." index="59"]

position = Vector2( 336, 288 )
scale = Vector2( 2, 2 )
texture = ExtResource( 1 )
region_enabled = true
region_rect = Rect2( 256, 96, 16, 16 )
_sections_unfolded = [ "Region" ]

[node name="DarkerToLighterGrass" type="Sprite" parent="." index="60"]

position = Vector2( 0, 384 )
scale = Vector2( 2, 2 )
texture = ExtResource( 1 )
region_enabled = true
region_rect = Rect2( 144, 432, 16, 16 )
_sections_unfolded = [ "Region" ]

[node name="DarkerToLighterGrass2" type="Sprite" parent="." index="61"]

position = Vector2( 48, 384 )
scale = Vector2( 2, 2 )
texture = ExtResource( 1 )
region_enabled = true
region_rect = Rect2( 160, 432, 16, 16 )
_sections_unfolded = [ "Region" ]

[node name="DarkerToLighterGrass3" type="Sprite" parent="." index="62"]

position = Vector2( 96, 384 )
scale = Vector2( 2, 2 )
texture = ExtResource( 1 )
region_enabled = true
region_rect = Rect2( 160, 448, 16, 16 )
_sections_unfolded = [ "Region" ]

[node name="DarkerToLighterGrass4" type="Sprite" parent="." index="63"]

position = Vector2( 144, 384 )
scale = Vector2( 2, 2 )
texture = ExtResource( 1 )
region_enabled = true
region_rect = Rect2( 144, 448, 16, 16 )
_sections_unfolded = [ "Region" ]

[node name="DarkerToLighterGrass5" type="Sprite" parent="." index="64"]

position = Vector2( 192, 384 )
scale = Vector2( 2, 2 )
texture = ExtResource( 1 )
region_enabled = true
region_rect = Rect2( 176, 448, 16, 16 )
_sections_unfolded = [ "Region" ]

[node name="DarkerToLighterGrass6" type="Sprite" parent="." index="65"]

position = Vector2( 240, 384 )
scale = Vector2( 2, 2 )
texture = ExtResource( 1 )
region_enabled = true
region_rect = Rect2( 192, 448, 16, 16 )
_sections_unfolded = [ "Region" ]

[node name="DarkerToLighterGrass7" type="Sprite" parent="." index="66"]

position = Vector2( 288, 384 )
scale = Vector2( 2, 2 )
texture = ExtResource( 1 )
region_enabled = true
region_rect = Rect2( 208, 448, 16, 16 )
_sections_unfolded = [ "Region" ]

[node name="DarkerToLighterGrass8" type="Sprite" parent="." index="67"]

position = Vector2( 336, 384 )
scale = Vector2( 2, 2 )
texture = ExtResource( 1 )
region_enabled = true
region_rect = Rect2( 208, 448, 16, 16 )
_sections_unfolded = [ "Region" ]

[node name="LighterToDarkerGrass9" type="Sprite" parent="." index="68"]

position = Vector2( 0, 432 )
scale = Vector2( 2, 2 )
texture = ExtResource( 1 )
region_enabled = true
region_rect = Rect2( 224, 464, 16, 16 )
_sections_unfolded = [ "Region" ]

[node name="LighterToDarkerGrass10" type="Sprite" parent="." index="69"]

position = Vector2( 48, 432 )
scale = Vector2( 2, 2 )
texture = ExtResource( 1 )
region_enabled = true
region_rect = Rect2( 240, 464, 16, 16 )
_sections_unfolded = [ "Region" ]

[node name="LighterToDarkerGrass11" type="Sprite" parent="." index="70"]

position = Vector2( 96, 432 )
scale = Vector2( 2, 2 )
texture = ExtResource( 1 )
region_enabled = true
region_rect = Rect2( 256, 464, 16, 16 )
_sections_unfolded = [ "Region" ]

[node name="LighterToDarkerGrass12" type="Sprite" parent="." index="71"]

position = Vector2( 144, 432 )
scale = Vector2( 2, 2 )
texture = ExtResource( 1 )
region_enabled = true
region_rect = Rect2( 256, 480, 16, 16 )
_sections_unfolded = [ "Region" ]

[node name="LighterToDarkerGrass13" type="Sprite" parent="." index="72"]

position = Vector2( 192, 432 )
scale = Vector2( 2, 2 )
texture = ExtResource( 1 )
region_enabled = true
region_rect = Rect2( 224, 480, 16, 16 )
_sections_unfolded = [ "Region" ]

[node name="LighterToDarkerGrass14" type="Sprite" parent="." index="73"]

position = Vector2( 192, 432 )
scale = Vector2( 2, 2 )
texture = ExtResource( 1 )
region_enabled = true
region_rect = Rect2( 256, 496, 16, 16 )
_sections_unfolded = [ "Region" ]

[node name="LighterToDarkerGrass15" type="Sprite" parent="." index="74"]

position = Vector2( 240, 432 )
scale = Vector2( 2, 2 )
texture = ExtResource( 1 )
region_enabled = true
region_rect = Rect2( 240, 496, 16, 16 )
_sections_unfolded = [ "Region" ]

[node name="LighterToDarkerGrass16" type="Sprite" parent="." index="75"]

position = Vector2( 288, 432 )
scale = Vector2( 2, 2 )
texture = ExtResource( 1 )
region_enabled = true
region_rect = Rect2( 224, 496, 16, 16 )
_sections_unfolded = [ "Region" ]

[node name="LighterToDarkerGrass17" type="Sprite" parent="." index="76"]

position = Vector2( 336, 432 )
scale = Vector2( 2, 2 )
texture = ExtResource( 1 )
region_enabled = true
region_rect = Rect2( 224, 480, 16, 16 )
_sections_unfolded = [ "Region" ]

[node name="LighterToDarkerGrass18" type="Sprite" parent="." index="77"]

position = Vector2( 0, 480 )
scale = Vector2( 2, 2 )
texture = ExtResource( 1 )
region_enabled = true
region_rect = Rect2( 224, 512, 16, 16 )
_sections_unfolded = [ "Region" ]

[node name="LighterToDarkerGrass19" type="Sprite" parent="." index="78"]

position = Vector2( 48, 480 )
scale = Vector2( 2, 2 )
texture = ExtResource( 1 )
region_enabled = true
region_rect = Rect2( 240, 512, 16, 16 )
_sections_unfolded = [ "Region" ]

[node name="LighterToDarkerGrass20" type="Sprite" parent="." index="79"]

position = Vector2( 96, 480 )
scale = Vector2( 2, 2 )
texture = ExtResource( 1 )
region_enabled = true
region_rect = Rect2( 224, 528, 16, 16 )
_sections_unfolded = [ "Region" ]

[node name="LighterToDarkerGrass21" type="Sprite" parent="." index="80"]

position = Vector2( 144, 480 )
scale = Vector2( 2, 2 )
texture = ExtResource( 1 )
region_enabled = true
region_rect = Rect2( 240, 528, 16, 16 )
_sections_unfolded = [ "Region" ]

[node name="LighterToDarkerGrass22" type="Sprite" parent="." index="81"]

position = Vector2( 192, 480 )
scale = Vector2( 2, 2 )
texture = ExtResource( 1 )
region_enabled = true
region_rect = Rect2( 256, 512, 16, 16 )
_sections_unfolded = [ "Region" ]

[node name="LighterToDarkerGrass23" type="Sprite" parent="." index="82"]

position = Vector2( 240, 480 )
scale = Vector2( 2, 2 )
texture = ExtResource( 1 )
region_enabled = true
region_rect = Rect2( 256, 528, 16, 16 )
_sections_unfolded = [ "Region" ]

[node name="LighterToDarkerGrass24" type="Sprite" parent="." index="83"]

position = Vector2( 288, 480 )
scale = Vector2( 2, 2 )
texture = ExtResource( 1 )
region_enabled = true
region_rect = Rect2( 272, 512, 16, 16 )
_sections_unfolded = [ "Region" ]

[node name="LighterToDarkerGrass25" type="Sprite" parent="." index="84"]

position = Vector2( 336, 480 )
scale = Vector2( 2, 2 )
texture = ExtResource( 1 )
region_enabled = true
region_rect = Rect2( 288, 512, 16, 16 )
_sections_unfolded = [ "Region" ]

[node name="LighterToDarkerGrass26" type="Sprite" parent="." index="85"]

position = Vector2( 0, 528 )
scale = Vector2( 2, 2 )
texture = ExtResource( 1 )
region_enabled = true
region_rect = Rect2( 272, 528, 16, 16 )
_sections_unfolded = [ "Region" ]

[node name="LighterToDarkerGrass27" type="Sprite" parent="." index="86"]

position = Vector2( 48, 528 )
scale = Vector2( 2, 2 )
texture = ExtResource( 1 )
region_enabled = true
region_rect = Rect2( 288, 528, 16, 16 )
_sections_unfolded = [ "Region" ]

[node name="Rocks" type="Sprite" parent="." index="87"]

position = Vector2( 0, 576 )
scale = Vector2( 2, 2 )
texture = ExtResource( 1 )
region_enabled = true
region_rect = Rect2( 64, 192, 16, 16 )
_sections_unfolded = [ "Region" ]

[node name="Rocks2" type="Sprite" parent="." index="88"]

position = Vector2( 48, 576 )
scale = Vector2( 2, 2 )
texture = ExtResource( 1 )
region_enabled = true
region_rect = Rect2( 80, 192, 16, 16 )
_sections_unfolded = [ "Region" ]

[node name="Rocks3" type="Sprite" parent="." index="89"]

position = Vector2( 96, 576 )
scale = Vector2( 2, 2 )
texture = ExtResource( 1 )
region_enabled = true
region_rect = Rect2( 96, 192, 16, 16 )
_sections_unfolded = [ "Region" ]

[node name="Rocks4" type="Sprite" parent="." index="90"]

position = Vector2( 144, 576 )
scale = Vector2( 2, 2 )
texture = ExtResource( 1 )
region_enabled = true
region_rect = Rect2( 64, 208, 16, 16 )
_sections_unfolded = [ "Region" ]

[node name="Rocks5" type="Sprite" parent="." index="91"]

position = Vector2( 192, 576 )
scale = Vector2( 2, 2 )
texture = ExtResource( 1 )
region_enabled = true
region_rect = Rect2( 64, 208, 16, 16 )
_sections_unfolded = [ "Region" ]

[node name="Rocks6" type="Sprite" parent="." index="92"]

position = Vector2( 240, 576 )
scale = Vector2( 2, 2 )
texture = ExtResource( 1 )
region_enabled = true
region_rect = Rect2( 80, 208, 16, 16 )
_sections_unfolded = [ "Region" ]

[node name="Rocks7" type="Sprite" parent="." index="93"]

position = Vector2( 288, 576 )
scale = Vector2( 2, 2 )
texture = ExtResource( 1 )
region_enabled = true
region_rect = Rect2( 80, 208, 16, 16 )
_sections_unfolded = [ "Region" ]

[node name="Rocks8" type="Sprite" parent="." index="94"]

position = Vector2( 336, 576 )
scale = Vector2( 2, 2 )
texture = ExtResource( 1 )
region_enabled = true
region_rect = Rect2( 96, 208, 16, 16 )
_sections_unfolded = [ "Region" ]

[node name="Rocks9" type="Sprite" parent="." index="95"]

position = Vector2( 0, 624 )
scale = Vector2( 2, 2 )
texture = ExtResource( 1 )
region_enabled = true
region_rect = Rect2( 64, 224, 16, 16 )
_sections_unfolded = [ "Region" ]

[node name="Rocks10" type="Sprite" parent="." index="96"]

position = Vector2( 48, 624 )
scale = Vector2( 2, 2 )
texture = ExtResource( 1 )
region_enabled = true
region_rect = Rect2( 80, 224, 16, 16 )
_sections_unfolded = [ "Region" ]

[node name="Rocks11" type="Sprite" parent="." index="97"]

position = Vector2( 96, 624 )
scale = Vector2( 2, 2 )
texture = ExtResource( 1 )
region_enabled = true
region_rect = Rect2( 96, 224, 16, 16 )
_sections_unfolded = [ "Region" ]

[node name="Rocks12" type="Sprite" parent="." index="98"]

position = Vector2( 144, 624 )
scale = Vector2( 2, 2 )
texture = ExtResource( 1 )
region_enabled = true
region_rect = Rect2( 112, 224, 16, 16 )
_sections_unfolded = [ "Region" ]

[node name="Rocks13" type="Sprite" parent="." index="99"]

position = Vector2( 192, 624 )
scale = Vector2( 2, 2 )
texture = ExtResource( 1 )
region_enabled = true
region_rect = Rect2( 112, 208, 16, 16 )
_sections_unfolded = [ "Region" ]

[node name="Rocks14" type="Sprite" parent="." index="100"]

position = Vector2( 240, 624 )
scale = Vector2( 2, 2 )
texture = ExtResource( 1 )
region_enabled = true
region_rect = Rect2( 64, 240, 16, 16 )
_sections_unfolded = [ "Region" ]

[node name="Rocks15" type="Sprite" parent="." index="101"]

position = Vector2( 288, 624 )
scale = Vector2( 2, 2 )
texture = ExtResource( 1 )
region_enabled = true
region_rect = Rect2( 80, 240, 16, 16 )
_sections_unfolded = [ "Region" ]

[node name="Rocks16" type="Sprite" parent="." index="102"]

position = Vector2( 336, 624 )
scale = Vector2( 2, 2 )
texture = ExtResource( 1 )
region_enabled = true
region_rect = Rect2( 112, 240, 16, 16 )
_sections_unfolded = [ "Region" ]

[node name="Rocks17" type="Sprite" parent="." index="103"]

position = Vector2( 384, 624 )
scale = Vector2( 2, 2 )
texture = ExtResource( 1 )
region_enabled = true
region_rect = Rect2( 80, 240, 16, 16 )
_sections_unfolded = [ "Region" ]

[node name="Rocks18" type="Sprite" parent="." index="104"]

position = Vector2( 0, 672 )
scale = Vector2( 2, 2 )
texture = ExtResource( 1 )
region_enabled = true
region_rect = Rect2( 128, 240, 16, 16 )
_sections_unfolded = [ "Region" ]

[node name="Rocks19" type="Sprite" parent="." index="105"]

position = Vector2( 48, 672 )
scale = Vector2( 2, 2 )
texture = ExtResource( 1 )
region_enabled = true
region_rect = Rect2( 144, 240, 16, 16 )
_sections_unfolded = [ "Region" ]

[node name="Rocks20" type="Sprite" parent="." index="106"]

position = Vector2( 96, 672 )
scale = Vector2( 2, 2 )
texture = ExtResource( 1 )
region_enabled = true
region_rect = Rect2( 176, 240, 16, 16 )
_sections_unfolded = [ "Region" ]

[node name="Rocks21" type="Sprite" parent="." index="107"]

position = Vector2( 144, 672 )
scale = Vector2( 2, 2 )
texture = ExtResource( 1 )
region_enabled = true
region_rect = Rect2( 192, 240, 16, 16 )
_sections_unfolded = [ "Region" ]

[node name="Rocks22" type="Sprite" parent="." index="108"]

position = Vector2( 192, 672 )
scale = Vector2( 2, 2 )
texture = ExtResource( 1 )
region_enabled = true
region_rect = Rect2( 176, 256, 16, 16 )
_sections_unfolded = [ "Region" ]

[node name="Rocks23" type="Sprite" parent="." index="109"]

position = Vector2( 240, 672 )
scale = Vector2( 2, 2 )
texture = ExtResource( 1 )
region_enabled = true
region_rect = Rect2( 192, 256, 16, 16 )
_sections_unfolded = [ "Region" ]

[node name="Rocks24" type="Sprite" parent="." index="110"]

position = Vector2( 288, 672 )
scale = Vector2( 2, 2 )
texture = ExtResource( 1 )
region_enabled = true
region_rect = Rect2( 128, 176, 16, 16 )
_sections_unfolded = [ "Region" ]

[node name="Rocks25" type="Sprite" parent="." index="111"]

position = Vector2( 336, 672 )
scale = Vector2( 2, 2 )
texture = ExtResource( 1 )
region_enabled = true
region_rect = Rect2( 128, 176, 16, 16 )
_sections_unfolded = [ "Region" ]

[node name="RocksToGrass" type="Sprite" parent="." index="112"]

position = Vector2( 0, 720 )
scale = Vector2( 2, 2 )
texture = ExtResource( 1 )
region_enabled = true
region_rect = Rect2( 64, 144, 16, 16 )
_sections_unfolded = [ "Region" ]

[node name="RocksToGrass8" type="Sprite" parent="." index="113"]

position = Vector2( 0, 768 )
scale = Vector2( 2, 2 )
texture = ExtResource( 1 )
region_enabled = true
region_rect = Rect2( 112, 144, 16, 16 )
_sections_unfolded = [ "Region" ]

[node name="RocksToGrass9" type="Sprite" parent="." index="114"]

position = Vector2( 48, 768 )
scale = Vector2( 2, 2 )
texture = ExtResource( 1 )
region_enabled = true
region_rect = Rect2( 128, 144, 16, 16 )
_sections_unfolded = [ "Region" ]

[node name="RocksToGrass10" type="Sprite" parent="." index="115"]

position = Vector2( 96, 768 )
scale = Vector2( 2, 2 )
texture = ExtResource( 1 )
region_enabled = true
region_rect = Rect2( 112, 160, 16, 16 )
_sections_unfolded = [ "Region" ]

[node name="RocksToGrass11" type="Sprite" parent="." index="116"]

position = Vector2( 144, 768 )
scale = Vector2( 2, 2 )
texture = ExtResource( 1 )
region_enabled = true
region_rect = Rect2( 128, 160, 16, 16 )
_sections_unfolded = [ "Region" ]

[node name="RocksToGrass12" type="Sprite" parent="." index="117"]

position = Vector2( 192, 768 )
scale = Vector2( 2, 2 )
texture = ExtResource( 1 )
region_enabled = true
region_rect = Rect2( 112, 176, 16, 16 )
_sections_unfolded = [ "Region" ]

[node name="RocksToGrass13" type="Sprite" parent="." index="118"]

position = Vector2( 240, 768 )
scale = Vector2( 2, 2 )
texture = ExtResource( 1 )
region_enabled = true
region_rect = Rect2( 112, 192, 16, 16 )
_sections_unfolded = [ "Region" ]

[node name="HighGrass" type="Sprite" parent="." index="119"]

position = Vector2( 0, 816 )
scale = Vector2( 2, 2 )
texture = ExtResource( 1 )
region_enabled = true
region_rect = Rect2( 16, 144, 16, 16 )
_sections_unfolded = [ "Region" ]

[node name="HighGrass2" type="Sprite" parent="." index="120"]

position = Vector2( 48, 816 )
scale = Vector2( 2, 2 )
texture = ExtResource( 1 )
region_enabled = true
region_rect = Rect2( 0, 144, 16, 16 )
_sections_unfolded = [ "Region" ]

[node name="HighGrass3" type="Sprite" parent="." index="121"]

position = Vector2( 96, 816 )
scale = Vector2( 2, 2 )
texture = ExtResource( 1 )
region_enabled = true
region_rect = Rect2( 0, 160, 16, 16 )
_sections_unfolded = [ "Region" ]

[node name="HighGrass4" type="Sprite" parent="." index="122"]

position = Vector2( 144, 816 )
scale = Vector2( 2, 2 )
texture = ExtResource( 1 )
region_enabled = true
region_rect = Rect2( 16, 160, 16, 16 )
_sections_unfolded = [ "Region" ]

[node name="RocksToGrass2" type="Sprite" parent="." index="123"]

position = Vector2( 48, 720 )
scale = Vector2( 2, 2 )
texture = ExtResource( 1 )
region_enabled = true
region_rect = Rect2( 64, 160, 16, 16 )
_sections_unfolded = [ "Region" ]

[node name="RocksToGrass3" type="Sprite" parent="." index="124"]

position = Vector2( 96, 720 )
scale = Vector2( 2, 2 )
texture = ExtResource( 1 )
region_enabled = true
region_rect = Rect2( 64, 176, 16, 16 )
_sections_unfolded = [ "Region" ]

[node name="RocksToGrass4" type="Sprite" parent="." index="125"]

position = Vector2( 144, 720 )
scale = Vector2( 2, 2 )
texture = ExtResource( 1 )
region_enabled = true
region_rect = Rect2( 80, 176, 16, 16 )
_sections_unfolded = [ "Region" ]

[node name="RocksToGrass5" type="Sprite" parent="." index="126"]

position = Vector2( 192, 720 )
scale = Vector2( 2, 2 )
texture = ExtResource( 1 )
region_enabled = true
region_rect = Rect2( 96, 176, 16, 16 )
_sections_unfolded = [ "Region" ]

[node name="RocksToGrass6" type="Sprite" parent="." index="127"]

position = Vector2( 240, 720 )
scale = Vector2( 2, 2 )
texture = ExtResource( 1 )
region_enabled = true
region_rect = Rect2( 96, 160, 16, 16 )
_sections_unfolded = [ "Region" ]

[node name="RocksToGrass7" type="Sprite" parent="." index="128"]

position = Vector2( 288, 720 )
scale = Vector2( 2, 2 )
texture = ExtResource( 1 )
region_enabled = true
region_rect = Rect2( 96, 144, 16, 16 )
_sections_unfolded = [ "Region" ]


